2416 3840
508 169 708 268 'uua-u
1050 198 1114 263 233

109 344 263 409 miserum
287 348 433 408 mutatur
456 343 603 424 exitium3
627 344 774 428 deposito
798 345 999 428 paupertatis
1020 367 1114 410 onere

107 455 244 517 parrum
270 431 336 496 illis
365 432 451 497 vitae
479 432 659 496 subsidium
691 437 898 517 eomparatur
927 439 959 498 et
988 434 1029 498 ad
1056 435 1115 499 ali-

109 543 190 606 quos
214 525 304 586 actus
329 521 478 586 affectare
502 521 749 605 compelluntur.

197 610 226 675 A
240 609 383 675 Venere
405 609 581 674 defluens
595 608 709 674 Luna.
748 608 782 675 si
798 633 816 673 a
831 610 957 676 Venere
972 612 1143 677 defluensl

83 698 203 766 sLuna
226 721 371 764 crescens
395 698 516 762 lumine
540 699 580 762 ad
602 699 727 762 nullum
751 699 884 784 feratur,
907 699 963 764 sed
985 723 1043 784 per
1064 724 1116 766 va·

111 811 207 860 cuum
232 809 344 853 cursus
368 809 444 851 suos
469 787 601 872 dirigat,
625 787 721 852 faciet
744 787 890 872 passivos
913 788 948 852 in
971 789 1060 854 coitu
1083 794 1116 855 et

111 877 166 961 qui
184 898 362 960 numquam
382 876 416 939 in
436 897 573 940 uxorum
592 877 757 941 amoribus
770 881 985 961 perseverent,
1008 882 1041 942 et
1060 879 1117 962 qui

108 966 242 1031 incestis
266 966 467 1030 delectentur
491 965 700 1048 amplexibus,
724 966 779 1030 sed
801 965 861 1030 hos
885 966 1014 1030 eosdem
1037 966 1117 1032 iacit

109 1055 213 1119 nudos
237 1076 394 1138 pauperes
423 1053 535 1136 etqui
561 1054 713 1118 humeros
742 1076 818 1119 suos
840 1055 1007 1119 laboribus
1032 1057 1117 1121 subi·

69 1142 230 1209 iacientes
261 1143 441 1208 cotidianae
475 1145 631 1226 quaerant
658 1143 744 1208 vitae
773 1143 925 1209 subsidia.
977 1143 1012 1210 Si
1040 1167 1115 1210 vero

110 1231 154 1296 sit
177 1233 304 1296 minuta
327 1231 514 1314 luminibus,
537 1231 674 1296 vitiosos
698 1235 808 1317 turpes
832 1255 989 1317 pauperes
1012 1237 1045 1298 et
1064 1233 1116 1297 ad·

109 1321 201 1385 siduo
220 1321 300 1386 facit
319 1320 524 1385 miseriarum
544 1341 640 1384 onere
663 1325 894 1405 praegravatos
914 1326 971 1386 aut
990 1323 1115 1387 artibus

109 1408 157 1492 [et
181 1410 320 1490 actibus]
347 1408 530 1472 inhonestis
554 1407 697 1492 applicat
720 1430 846 1492 semper
870 1415 903 1472 et
926 1411 1062 1474 miseris.

196 1496 227 1560 A
249 1496 441 1561 Mercurio
471 1496 648 1560 defluens
677 1495 792 1560 Luna.
844 1495 880 1562 si
908 1520 926 1561 a
954 1498 1145 1567 Mercuri08

68 1611 94 1652 15
109 1585 250 1649 defluens
283 1584 376 1649 Luna
408 1585 448 1649 ad
478 1585 603 1649 nullum
636 1584 773 1669 feratur,
806 1586 861 1650 sed
893 1608 951 1670 per
978 1609 1116 1653 vacuum

109 1696 221 1739 cursus
255 1696 331 1738 suos
364 1673 484 1758 dirigat
516 1677 549 1737 et
582 1673 625 1737 sit
662 1674 758 1757 plena
789 1673 982 1759 luminibus,
1019 1676 1116 1741 faciet

108 1763 340 1849 grammaticos
368 1765 513 1826 oratores
541 1762 682 1828 medicos
716 1764 858 1829 musicos
886 1767 919 1828 et
947 1765 1003 1848 qui
1031 1786 1116 1830 com·

107 1852 286 1937 putationis
311 1850 456 1916 sollertia
480 1851 668 1916 caelestium
697 1851 801 1916 sciant
829 1852 970 1916 siderum
995 1875 1116 1939 cursus,

108 1946 165 2005 aut
188 1941 309 2005 fenoris
334 1945 366 2004 et
388 1939 623 2024 negotiationis
648 1939 755 2004 officia
773 1945 962 2025 tractantes,
985 1965 1024 2006 ex
1048 1944 1115 2026 qui-

68 2057 93 2095 ro
107 2030 169 2094 bus
190 2028 413 2095 occasionibus
433 2028 573 2114 gloriam
592 2032 625 2093 et
645 2030 873 2114 substantiam,
892 2031 947 2094 sed
962 2032 1116 2114 processu

107 2119 265 2202 temporis
290 2122 511 2184 consecuntur.
559 2114 692 2182 sivero
716 2118 815 2183 fuerit
838 2120 964 2183 minuta
987 2120 1144 2188 lumini-9

106 2207 178 2292 bus,
201 2209 241 2271 ab
265 2207 458 2273 humoribus
481 2206 563 2272 vitia
586 2206 729 2271 decernit
758 2211 814 2271 aut
838 2230 876 2271 ex
900 2208 993 2290 aquis
1017 2229 1114 2293 grave

106 2295 325 2380 periculorum
340 2296 513 2360 discrimen
527 2295 655 2380 indicit,
679 2296 817 2360 aliorum
832 2297 995 2360 mentibus
1010 2302 1115 2381 nocet,

107 2385 246 2449 aliorum
275 2385 402 2470 obligat
429 2384 572 2469 linguas,
601 2383 739 2449 aliorum
771 2386 903 2449 auribus
927 2389 1035 2469 nocet,
1059 2387 1114 2452 sed

66 2500 91 2540 aa
107 2473 167 2538 hos
192 2496 303 2539 omnes
331 2471 429 2538 faciet
456 2474 578 2539 alienos
603 2496 622 2538 a
644 2473 775 2559 litteris,
805 2473 903 2538 faciet
926 2474 1008 2540 alios
1031 2476 1115 2539 rati-

107 2563 217 2647 oinari,
241 2563 296 2628 sed
318 2562 353 2626 in
376 2562 522 2646 templis,
552 2560 632 2627 alios
653 2562 701 2626 'ad
729 2562 926 2646 templorum
953 2564 1114 2628 custodias

107 2653 320 2736 sempiternas
351 2650 484 2736 addicit,
515 2651 596 2716 alios
632 2643 800 2715 ministros
833 2652 912 2716 facit
942 2674 1115 2736 servosque

106 2742 312 2824 templorum.

198 2982 372 3048 letixitium
390 2989 417 3036 11
433 2985 437 3053 Ι
452 2984 597 3053 pauptatis
616 2990 643 3037 11
697 2991 839 3056 2parum,
858 3001 925 3039 corr.
946 2983 975 3036 Δ’
1032 2984 1116 3052 tqui

106 3071 260 3122 numquam
278 3053 321 3125 A']
345 3053 496 3122 quicquam
516 3056 520 3125 l
541 3058 570 3107 et
588 3055 637 3124 qui
655 3057 683 3127 κ]
707 3059 736 3109 et
754 3055 905 3124 quicquam
982 3055 1115 3109 1010111-

108 3126 209 3180 dianae
220 3131 246 3178 n
324 3130 357 3177 13
371 3126 421 3179 del.
432 3146 449 3179 κ
462 3143 541 3194 saepe
554 3128 648 3181 uarice
663 3129 786 3182 lectiones
800 3130 972 3195 inrepserunt
985 3127 1018 3192 cf.
1030 3131 1113 3194 96,17.

105 3202 211 3264 214,15¹
232 3198 520 3264 23⁵‚17,242,2aal.
604 3203 636 3250 14
656 3197 685 3250 Si
703 3201 818 3251 meran
914 3203 946 3250 15
966 3197 1027 3268 sed]
1046 3200 1115 3249 ethi

108 3275 140 3322 17
164 3267 284 3322 musicos
311 3266 434 3320 medicos
453 3272 479 3319 n
509 3268 513 3337 Ι
543 3268 773 3323 commutationes
799 3268 935 3343 sollertip,
963 3285 1031 3323 corr.
1051 3268 1115 3323 Suu

103 3347 250 3409 praecaute
268 3339 405 3393 Dressclio
496 3343 528 3391 18
548 3337 712 3394 caelestium
729 3339 772 3410 Κ]
791 3339 906 3393 testium
1001 3344 1032 3392 21
1052 3356 1115 3407 pro·

107 3413 245 3480 secuntur,
263 3426 330 3465 corr.
350 3427 368 3461 v
