2408 3840
486 212 525 267 III
540 217 563 281 7,
579 217 666 280 ro-8‚
681 229 702 267 a.
1034 212 1098 277 165

89 358 186 424 malis
213 359 349 441 malum,
381 359 540 443 explicare
570 357 737 441 debemus,
770 358 848 442 quid
874 357 909 422 in
937 357 1098 443 genituris

90 470 164 514 cum
192 446 395 533 singularum
428 447 584 511 societate
612 446 771 512 decernat.
817 445 879 510 Per
906 446 991 511 diem
1024 469 1098 511 cum

90 536 168 601 Iove
190 537 318 620 positus
342 557 379 600 ac
399 534 474 600 Sole
496 535 532 599 in
552 535 721 618 oportunis
741 536 909 621 geniturae
927 535 1008 601 locis
1033 558 1099 599 ma·

60 676 64 683 .
91 627 194 690 rimas
210 625 354 690 decernit
372 623 560 709 felicitatem
579 624 608 688 si
626 646 702 688 vero
721 646 780 708 per
798 624 880 690 diem
902 645 976 688 cum
990 623 1101 688 Marte·

63 715 191 780 afuerit
208 715 369 796 inventus,
391 713 608 778 maximorum
626 713 878 777 infortuniorum
898 711 996 778 faciet
1016 713 1099 777 cala·

91 797 232 868 mitates.
265 802 327 866 Per
339 806 470 867 noctem
484 823 561 866 vero
581 802 681 866 simili
699 802 824 866 ratione
844 805 1004 885 mutatur3
1022 823 1099 866 nam

91 915 165 957 cum
188 891 315 956 Venere
337 895 370 956 et
393 890 486 956 Luna
512 896 546 955 et
568 889 674 954 Marte
699 890 806 955 bonus
833 895 897 974 est,
926 912 999 954 eum
1024 889 1099 954 Sole

93 1003 168 1046 vero
192 981 334 1045 maxima
353 980 439 1045 mala
461 979 734 1064 infelicitatesque
758 979 910 1043 decernit.
947 977 1040 1054 Quod
1062 981 1100 1043 ut

91 1070 297 1134 manifestius
321 1069 506 1152 doceamus,
533 1069 642 1133 omnia
665 1068 817 1133 debemus
841 1067 1025 1151 specialiter
1049 1089 1099 1131 ex-

51 1159 221 1242 replicare.
251 1156 313 1222 Sed
326 1158 417 1242 prius
433 1156 749 1222 duodeeatemorium
759 1157 912 1222 Mercurii
927 1156 1100 1241 diligenter

90 1247 219 1332 inquire
238 1252 271 1311 et
289 1247 371 1311 fines
390 1246 673 1330 duodecatemorii,
691 1249 729 1310 ut
747 1247 787 1311 ad
806 1246 915 1311 omnia
931 1247 1099 1331 geniturae

94 1341 218 1402 secreta
239 1337 418 1421 pervenias.

273 1547 363 1612 VIII.
395 1545 655 1612 MERCURIUS
679 1545 772 1612 CUM
797 1545 916 1610 SOLE.

180 1687 244 1752 Per
265 1688 350 1752 diem
368 1686 549 1752 Mercurius
572 1711 645 1753 cum
666 1687 740 1753 Sole
763 1687 928 1772 partiliter
950 1687 985 1751 in
1007 1687 1129 1752 horo-1

53 1803 80 1841 1⁵
96 1798 194 1860 scopo
218 1777 415 1840 constitutus
439 1775 537 1842 faciet
561 1797 654 1862 reges
675 1783 771 1842 duces
789 1781 955 1861 potentes3
978 1776 1101 1840 sivero

93 1869 295 1948 pernoctem
309 1867 344 1930 in
357 1865 501 1929 hocloco
516 1866 637 1930 fuerint
651 1866 815 1950 partiliter
828 1866 960 1948 inventi,
974 1867 1102 1949 patrem

94 1954 286 2038 degenerem
300 1958 334 2017 et
348 1955 528 2039 ignobilem
542 1955 680 2040 faciunt3
694 1959 789 2019 erunt
804 1958 913 2018 autem
927 1953 961 2017 in
976 1954 1102 2016 artibus

92 2041 248 2127 publicis,
276 2042 332 2107 sed
356 2043 523 2107 absconsis
547 2049 580 2108 et
603 2044 730 2108 miseris
753 2043 928 2108 secundum
950 2045 1102 2106 naturam

95 2132 350 2215 qualitatemque
374 2131 550 2217 signorum.

52 2246 80 2285 ao
183 2219 223 2284 In
246 2220 386 2285 secundo
409 2222 482 2287 loco
511 2222 551 2286 ab
580 2221 762 2305 horoscopo
787 2219 843 2285 Sol
867 2225 900 2284 et
922 2219 1132 2284 Mercurius2

93 2309 259 2393 partiliter
281 2310 452 2375 constituti
476 2314 688 2396 augmentum
709 2309 900 2394 patrimonii
927 2309 1103 2374 decernunt

95 2402 130 2462 et
153 2398 335 2480 aliquorum
357 2404 488 2464 actuum
511 2398 739 2482 principatum.

183 2485 223 2550 In
254 2487 356 2552 tertio
387 2488 462 2553 loco
494 2489 534 2551 ab
567 2488 748 2571 horoscopo
779 2485 835 2552 Sol
863 2490 897 2551 et
922 2486 1133 2551 Mercurius3

95 2574 267 2640 constituti
298 2576 423 2641 faciunt
454 2575 643 2660 haruspices
676 2577 876 2641 somniorum
907 2576 1102 2660 interpretes

53 2690 81 2730 aa
96 2664 238 2729 medicos
262 2665 388 2730 divinos
412 2687 550 2751 augures
575 2666 759 2751 astrologos
783 2664 1045 2745 mathematicos,
1070 2667 1104 2727 et

95 2752 152 2836 qui
175 2775 303 2837 semper
325 2753 437 2818 futura
457 2753 658 2838 praedicant,
685 2755 742 2818 aed
764 2775 903 2838 quorum
926 2775 978 2818 ars
1005 2756 1103 2836 atque

95 2841 282 2906 institutum
308 2843 348 2906 ad
371 2843 516 2908 omnium
539 2843 692 2907 notitiam
714 2844 904 2926 perferatur.

183 2929 223 2994 In
247 2936 364 3014 quarto
387 2931 460 2996 loco
484 2933 524 2996 ab
547 2931 729 3015 horoscopo
755 2931 841 2995 idest
863 2931 898 2994 in
920 2927 1008 2995 IMO.
1031 2930 1134 3012 paud

95 3017 201 3083 tiliter
220 3017 400 3085 Mercurius
419 3042 493 3085 cum
513 3018 588 3084 Sole
608 3021 806 3084 constitutus
824 3019 923 3084 faciet
941 3018 1103 3103 ignobiles

52 3134 80 3173 ao
95 3113 131 3172 at
157 3108 389 3174 absconsurum
418 3112 475 3173 aut
502 3109 702 3175 inlicitarum
730 3109 850 3173 artium
877 3110 1016 3192 peritos,
1047 3106 1103 3171 sed

183 3287 198 3334 2
219 3281 392 3352 singulorum
411 3281 441 3334 A'
533 3281 689 3351 apositum
713 3289 792 3336 m
881 3287 897 3334 ὅ
920 3280 1007 3335 faciet
1028 3278 1059 3348 ip
1082 3287 1103 3334 P

93 3359 127 3409 13
143 3353 178 3406 de
192 3353 389 3407 coniunctione
404 3352 471 3407 solis
485 3355 514 3407 et
528 3353 695 3408 mercuriiv
750 3361 783 3407 14
797 3355 831 3420 ef.
847 3358 937 3419 141,e
992 3359 1025 3406 16
1039 3368 1103 3422 par-

92 3427 160 3492 tam,
173 3441 241 3479 corr.
252 3424 281 3478 A‘
318 3440 320 3445 ·
338 3430 371 3478 17
386 3424 574 3494 igncgubilem
586 3430 607 3477 P
623 3427 627 3492 Ι
643 3424 753 3480 actibus
767 3426 840 3491 Sitti,
854 3442 893 3478 are
906 3425 988 3479 ἀίω»
995 3421 1104 3494 publici

93 3513 114 3549 r.
135 3495 265 3551 absconsi
284 3499 313 3550 et
331 3494 442 3551 miseri?
524 3501 555 3550 21
576 3494 727 3564 patrimoni
747 3502 768 3549 P
850 3501 884 3549 27
903 3494 1006 3550 notitia
1023 3499 1103 3548 rm

92 3570 128 3621 28
145 3583 197 3621 ruo.
217 3571 271 3620 n
