2416 3840
453 224 491 278 Π]
506 231 547 294 11,
562 231 666 295 1o-12‚
681 242 700 280 1.
1018 225 1078 289 181

76 370 166 433 dunt.
211 368 250 432 In
273 370 367 433 domo
391 392 467 434 vero
492 369 627 434 Veneris
656 374 713 433 aut
736 370 940 453 inpartibus
964 370 1082 435 cousti-

77 458 142 521 tuti
165 456 288 522 faciunt
312 459 480 538 linteones,
508 463 650 523 textores
675 459 865 542 tunicarum,
894 459 1080 542 plumatios,

78 547 242 627 tinctores,
267 552 413 611 aromata
436 552 493 611 aut
516 568 661 630 gemmas
686 551 742 611 aut
761 546 954 631 margaritas
973 546 1083 631 aliqua

79 634 203 699 ratione
226 638 415 701 tractantes,
459 635 499 700 In
520 633 607 700 Iovis
636 657 711 700 vero
736 636 831 700 domo
854 636 904 700 vel
928 636 961 699 in
984 635 1083 719 parti-

52 725 138 788 sbus
169 724 340 788 constituti
364 772 484 791 ......
508 725 667 791 scelerata
696 745 733 789 ac
763 723 945 789 facinorosa
976 724 1083 788 officia

79 816 270 895 tractantes3
301 811 423 877 facient
453 813 539 877 enim
569 817 710 877 tortores
741 813 907 876 carnifices
934 812 1082 877 interfec-

79 906 166 966 tores
192 900 350 965 delatores
374 902 557 984 proditores
581 923 721 965 suorum.
758 901 796 965 In
819 900 903 965 Solis
928 922 1004 965 vero
1027 905 1084 965 aut

78 989 187 1053 Lunae
212 990 308 1053 domo
332 990 473 1054 aerarios
496 990 760 1054 ferramentarios
780 989 955 1054 statuarios
973 988 1084 1073 pellio-

79 1100 135 1143 nes
160 1079 322 1142 coriorum
345 1078 534 1161 infectores,
562 1079 602 1142 ab
631 1078 706 1163 igne
734 1082 791 1142 aut
819 1100 857 1142 ex
884 1077 969 1142 ferro
997 1077 1084 1143 vitae

40 1194 65 1232 ιο
79 1166 224 1231 subsidia
258 1172 455 1250 quaerentes.
514 1166 692 1232 Inmutatio
725 1167 811 1231 enim
841 1166 1008 1252 signorum
1039 1166 1085 1231 di·

80 1277 246 1320 versorum
269 1257 475 1340 negotiorum
499 1260 590 1320 actus
614 1256 767 1320 decernit.

168 1345 206 1408 ln
235 1345 402 1408 undecimo
431 1345 503 1409 loco
527 1343 707 1408 Mercurius
735 1366 807 1408 eum
831 1342 936 1407 Marte
964 1346 1085 1427 pariter
1097 1344 1136 1408 19

80 1432 278 1497 constitutus
301 1432 400 1496 faciet
423 1434 528 1516 perire
552 1453 679 1515 semper
702 1432 873 1517 inpugna,
897 1433 979 1496 alios
999 1455 1084 1496 ama-

81 1525 167 1584 tores
190 1522 371 1604 palaestrae
390 1520 497 1602 faciet,
521 1520 601 1584 alios
621 1542 794 1604 armorum,
818 1521 874 1584 sed
892 1520 994 1585 fortes
1014 1542 1086 1585 con·

40 1636 65 1675 ιι
81 1609 162 1672 siliis
186 1613 219 1672 et
243 1610 297 1691 qui
321 1631 360 1673 ex
388 1609 537 1675 omnibus
566 1609 692 1673 actibus
720 1607 831 1673 felices
861 1630 987 1692 semper
1016 1630 1086 1692 pro·

82 1719 189 1761 cessus
213 1697 383 1781 accipiant.

169 1785 207 1849 In
232 1785 419 1850 duodecimo
443 1787 515 1850 loco
539 1786 578 1849 ab
602 1785 784 1869 horoscopo
811 1784 981 1850 constituti
1004 1785 1139 1852 Mer-20

82 1873 189 1938 curius
214 1879 246 1938 et
270 1873 358 1939 Mars
383 1874 460 1958 quid
482 1874 618 1958 faciant,
647 1880 758 1938 sextus
786 1874 877 1939 loeus
901 1875 1086 1958 specialiter

82 1963 230 2027 ostendit.

41 2150 67 2188 ιο
274 2121 345 2185 XII.
369 2119 628 2187 MERCURIUS
652 2121 709 2186 ΕΤ
732 2119 892 2187 VENUS.

170 2246 208 2309 ln
231 2245 413 2329 horoscopo
436 2245 615 2310 Mercurius
639 2250 672 2309 εὴ
693 2244 804 2310 Venus
828 2244 992 2328 partiliter
1015 2268 1086 2310 eon·
1120 2248 1137 2311 1

82 2334 192 2398 stituti
216 2335 250 2398 in
277 2335 392 2398 diurna
419 2335 569 2420 genitura
596 2334 721 2398 faciunt
748 2334 906 2399 scutarios
935 2334 986 2398 vel
1014 2357 1086 2418 pro·

83 2427 222 2488 tectores
241 2423 474 2506 imperatorum
493 2424 545 2488 vel
564 2423 620 2508 qui
634 2423 766 2507 proprio
782 2422 933 2488 excubitu
948 2422 1088 2488 salutem

82 2513 237 2595 principis
253 2515 382 2576 servent
396 2516 453 2575 aut
473 2511 528 2596 qui
547 2511 699 2595 pecunias
715 2515 772 2576 ant
790 2511 960 2576 thesauros
979 2513 1087 2597 regios

42 2626 67 2666 ιι
83 2600 149 2664 suis
180 2601 353 2665 iubeantur
383 2599 651 2684 dispositionibus
681 2601 876 2684 gubernare,
906 2604 939 2665 et
969 2600 1087 2684 quibus

82 2688 304 2754 huiuscemodi
335 2688 652 2753 administrationum
683 2689 790 2754 officia
822 2689 1007 2765 credantur;
1039 2689 1087 2752 fa-

82 2779 168 2841 cient
198 2779 284 2842 enim
312 2775 452 2842 musicos
481 2776 627 2842 choricos
656 2781 689 2840 et
718 2777 773 2861 qui
803 2777 944 2842 musicos
974 2778 1088 2842 modos

81 2865 204 2930 faciant
228 2870 283 2931 aut
306 2870 392 2930 certe
415 2867 563 2950 publicos
587 2866 763 2950 magistros
788 2870 844 2930 aut
868 2869 1013 2930 oratores
1032 2872 1089 2930 aut

170 3012 188 3058 4
205 3003 363 3057 radiatione
381 3009 460 3057 HPR
483 3008 487 3074 1
511 3004 592 3058 domo
611 3019 677 3057 uero
695 3007 791 3055 ΜΒΝ
881 3009 896 3056 5
915 3003 1088 3073 praepositos

81 3074 187 3129 facient
205 3074 331 3129 tribunos
352 3077 401 3129 aut
418 3077 506 3144 suppl.
523 3080 544 3133 Q
561 3072 736 3156 praepositos
755 3073 883 3128 tribunos
896 3073 1024 3145 regiones
1040 3077 1089 3129 aut

83 3146 212 3200 ciuitates
233 3146 342 3214 aliquas
366 3145 537 3214 obtinentes,
565 3163 595 3198 ιιι
619 3145 700 3199 domo
720 3144 833 3199 Saturni
851 3145 896 3199 vel
913 3144 943 3198 in
960 3145 1088 3215 partibus

83 3216 230 3272 constituti
248 3216 278 3270 A'
298 3234 354 3271 noa
372 3218 441 3271 mele
457 3219 461 3287 Ι
477 3215 633 3271 facinerosa
646 3214 709 3269 PbR
782 3216 885 3270 bfaoit
898 3222 921 3268 V
993 3223 1090 3270 7suo·

82 3307 143 3341 rum
162 3290 188 3368 σ]
208 3304 303 3342 eorum
382 3287 536 3359 Sprrarios
554 3294 577 3339 R
654 3293 687 3340 10
705 3285 866 3341 immutatio
885 3286 960 3341 enim
977 3286 1020 3358 A']
1039 3288 1090 3340 im-

82 3363 267 3413 mutationem
291 3358 371 3429 (inm-
389 3361 426 3428 H)
518 3365 550 3412 13
570 3374 678 3429 semper
695 3358 786 3428 perire
804 3364 831 3411 H
921 3364 953 3411 17
972 3358 1052 3413 looco
1070 3364 1090 3411 P

82 3435 116 3483 20
136 3430 171 3484 de
191 3428 384 3483 coniunctione
403 3428 533 3484 mercurii
552 3432 581 3484 et
600 3428 709 3483 ueneris
728 3435 751 3481 V
837 3435 869 3482 21
888 3429 920 3482 In
938 3429 1090 3499 horoscopo

83 3506 170 3555 οων
239 3507 273 3554 24
282 3501 440 3612 peccunias
454 3507 501 3554 Π
573 3507 606 3555 26
624 3499 832 3555 buiusseemodi
850 3506 870 3553 1²
887 3499 1049 3554 buscemodi
1067 3505 1091 3552 B

83 3577 116 3625 27
136 3589 174 3625 aa
190 3570 320 3626 etiams
