2416 3840
128 140 194 205 222
563 137 699 192 FIRMICI

98 285 323 351 dbiothanati.
370 282 404 349 Si
427 306 503 349 vero
532 307 551 348 a
574 281 700 348 Venere
729 283 871 348 defluens
895 283 1020 346 minuta
1042 282 1140 346 lumi·

126 373 223 439 nibus
247 396 305 457 per
328 374 413 436 diem
440 373 479 436 ad
504 371 683 437 Saturnum
709 371 846 456 feratur,
874 372 970 437 faciet
997 370 1138 436 vitiosos

128 467 162 527 et
184 462 306 527 debiles
335 466 368 525 et
392 482 472 544 quos
501 462 665 546 malignus
694 483 820 543 semper
848 461 966 525 humor
988 459 1140 546 infestet3

128 553 213 617 circa
237 573 354 634 aquam
377 554 488 614 tamen
510 550 602 614 dabit
626 554 726 632 actus,
750 550 806 614 sed
825 550 880 632 qui
899 550 1025 614 miseris
1044 549 1140 614 labo-

69 672 72 677 ·
128 663 199 704 rum
223 639 521 704 continuationibus
550 638 739 723 defatigant.
785 639 854 702 Aut
881 639 968 702 enim
995 660 1034 702 ex
1058 637 1179 705 altiss

127 728 236 813 puteis
264 728 425 815 cotidiano
456 749 551 810 opere
581 749 698 810 aquam
726 727 831 790 levare
855 731 1015 812 coguntur
1037 727 1139 810 <cut>

124 818 278 882 iubentur
292 816 423 881 adsidue
441 816 575 880 lacunas
596 817 785 899 cluacasque
805 837 944 900 purgare
964 819 1020 879 aut
1039 820 1140 880 erunt

124 905 299 983 hortulani,
322 905 377 968 sed
392 905 511 986 miseri,
531 908 587 968 aut
601 909 718 968 nautae
735 909 790 968 aut
810 905 935 990 aquarii
955 909 1011 968 aut
1029 903 1138 987 pisca·

96 995 213 1059 ‘ltores
245 998 301 1058 aut
331 993 520 1057 urinatores
569 991 632 1058 Sed
661 993 721 1056 hos
752 998 844 1057 actus
875 994 1044 1078 signorum
1073 992 1138 1058 fre·

127 1086 261 1166 quenter
286 1082 425 1165 qualitas
447 1087 566 1164 mutat,
590 1081 688 1146 faciet
714 1081 799 1145 enim
824 1082 982 1147 bubulcos
1009 1103 1137 1146 armen·
1152 1077 1178 1147 ιδ

126 1171 228 1235 tarios
256 1170 405 1253 equarios
432 1175 582 1254 pastores
611 1169 728 1254 etqui
756 1170 976 1235 iumentorum
1004 1171 1139 1235 stabula

126 1281 265 1344 purgare
288 1260 339 1323 vel
363 1260 516 1323 mundare
544 1258 732 1343 iubeantur,
762 1259 1007 1342 sepulchrorum
1036 1260 1138 1324 etiam

125 1349 206 1414 facit
228 1348 417 1432 plerumque
441 1349 590 1413 custodes
620 1352 677 1412 aut
701 1351 787 1412 certe
811 1348 1019 1431 pollinctores
1043 1348 1136 1432 facit,

127 1437 182 1521 qui
205 1437 463 1520 sepeliendorum
484 1437 654 1501 hominum
677 1458 785 1500 curam
805 1441 994 1502 cunctorum
1013 1436 1137 1502 iudicio

127 1548 348 1609 consensuque
377 1526 565 1609 suscipiant.
617 1523 680 1590 Sed
712 1525 792 1589 haec
819 1548 879 1609 pro
909 1527 1057 1591 locorum
1084 1527 1138 1591 vel
1152 1550 1177 1592 ιε

127 1615 295 1701 signorum
324 1614 479 1678 varietate
508 1615 668 1698 decernit,
696 1615 733 1680 de
763 1636 826 1697 qua
853 1615 1009 1679 varietate
1037 1615 1139 1679 etiam

127 1702 160 1767 in
184 1703 256 1767 aliis
281 1703 569 1786 apotelesmatibus
594 1702 780 1786 plenissime
804 1703 952 1768 diximus.

98 1791 117 1855 8
216 1790 411 1856 AVencre
436 1790 541 1856 Luna
569 1792 613 1856 ad
640 1791 777 1857 Iovem.
825 1791 861 1856 Si
889 1790 1057 1857 aVenere
1087 1792 1139 1857 de·

127 1881 230 1944 fluens
248 1879 340 1945 Luna
364 1881 403 1944 ad
423 1880 534 1945 lovem
552 1881 685 1963 feratur,
708 1880 807 1944 faciet
827 1901 963 1964 magnos
982 1885 1137 1965 potentes

128 1973 162 2034 et
182 1968 318 2053 nobiles,
342 1969 527 2034 civitatibus
547 1970 760 2053 praepositos,
783 1971 940 2052 quosdam
959 1991 1036 2034 vero
1056 1970 1137 2034 facit
1151 1997 1178 2036 so

127 2059 286 2141 praesidio
302 2058 473 2122 mulierum
488 2059 664 2138 sublevari,
684 2063 778 2122 erunt
798 2080 873 2123 sane
884 2059 980 2142 ,grati
996 2059 1139 2140 venusti,

128 2153 223 2211 erunt
255 2151 363 2211 tamen
396 2151 557 2212 amatores
596 2147 767 2212 mulierum
801 2152 833 2211 et
866 2147 921 2230 qui
953 2148 1138 2212 venustatis

99 2235 235 2320 9gratia
255 2235 370 2317 omnia,
394 2257 475 2318 quae
494 2237 686 2319 desiderant,
710 2240 958 2319 consequantur.
1004 2235 1040 2301 Si
1057 2258 1137 2301 vero

129 2324 270 2388 defluens
298 2347 317 2388 a
339 2323 465 2389 Venere
496 2325 623 2389 minuta
650 2324 772 2389 lumine
800 2325 840 2388 ad
863 2324 975 2389 Iovem
1002 2325 1138 2410 feratur,

129 2413 167 2475 de
191 2411 402 2476 muliebribus
426 2413 573 2496 personis
598 2415 690 2478 dabit
714 2412 858 2477 subsidia
883 2413 1080 2479 facultatum
1103 2418 1138 2479 et
1152 2440 1178 2481 as

129 2500 234 2564 reddit
266 2500 361 2580 tales,
393 2502 510 2583 quibus
539 2525 558 2566 a
587 2502 693 2585 prima
721 2506 827 2566 aetate
855 2501 918 2585 (a)
945 2503 1137 2586 parentibus

128 2587 296 2653 felicitatis
332 2593 364 2652 et
397 2589 519 2674 gloriae
558 2591 666 2675 gratia
703 2592 901 2674 conferatur3
941 2592 1013 2669 aliis
1045 2592 1138 2658 herc

119 2898 122 2904 .
218 2858 233 2905 6
252 2853 340 2921 suppl.
359 2851 389 2904 Δ’
481 2858 495 2905 7
516 2870 611 2921 cunas,
630 2869 697 2907 corr.
717 2871 735 2905 v
753 2852 871 2906 latrinas
895 2855 975 2908 VIII
987 2855 1035 2922 fol.
1052 2854 1143 2909 oVH

128 2924 176 2978 col.
191 2927 209 2977 4
222 2924 279 2977 imo
294 2924 298 2994 Ι
315 2925 344 2977 et
357 2923 449 2976 olucas
463 2930 491 2976 Μ
509 2924 650 2992 ducesque
663 2930 683 2976 P
703 2924 851 2992 clueasque
866 2930 888 2976 R
943 2931 966 2979 7.
982 2930 998 2978 8
1013 2925 1138 2980 ortulani

40 3051 43 3059 ,
129 2997 250 3049 eruntll
305 3001 337 3048 10
355 2997 473 3063 mutata,
492 3012 559 3050 corr.
575 2995 639 3050 Situ
707 3001 738 3048 11
759 2995 920 3066 equitarios,
938 3013 1006 3051 corr.
1022 3017 1039 3051 κ
1059 2996 1139 3066 equi-

128 3066 222 3120 narias
241 3066 321 3120 VIH
333 3066 380 3133 fol.
397 3066 448 3120 CV
464 3067 511 3120 col.
526 3072 543 3120 4
557 3068 614 3120 c‘mo
687 3073 719 3120 12
739 3066 934 3136 sepulohorum
951 3073 975 3120 R
993 3067 1139 3138 sepulhro-

128 3143 228 3191 rum?
301 3144 333 3191 13
352 3140 425 3191 certe
444 3137 472 3209 κ]
491 3136 549 3190 late
566 3141 569 3208 Ι
585 3136 756 3206 polinctores
771 3144 797 3191 Η
814 3137 997 3207 pollinctores
1015 3145 1036 3192 Ρ
1054 3138 1140 3221 polli-

51 3264 54 3268 ,
128 3211 281 3274 natoresll
371 3214 403 3262 16
422 3209 520 3262 hoel
610 3215 643 3262 18
663 3208 750 3262 solem
772 3214 826 3261 HR
916 3216 949 3263 22
969 3228 1008 3265 aa
1030 3210 1140 3264 otram?

130 3285 163 3332 23
183 3279 405 3333 desiderauerint
422 3285 449 3331 Η
534 3285 568 3331 24
587 3296 605 3332 a
627 3296 681 3333 uen
705 3279 827 3334 defluens
849 3286 877 3333 u
962 3287 995 3335 at
1014 3280 1141 3335 mulieri-

128 3350 189 3419 bus,
209 3368 276 3405 corr.
296 3352 412 3420 leost
430 3349 557 3404 subsidia
575 3352 625 3405 del.
646 3350 812 3405 feminarum
830 3357 857 3404 Π
929 3357 962 3426 26
982 3352 1086 3423 qmbus'
1105 3353 1140 3425 Q]

128 3421 234 3488 primus
251 3423 255 3492 l
271 3438 289 3474 a
307 3422 412 3479 odda
483 3427 514 3476 27
534 3421 629 3491 mutia
645 3423 680 3493 R]
699 3421 790 3492 gloria
803 3428 831 3475 m
848 3423 976 3497 gretip?
992 3426 997 3496 Ι
1013 3423 1141 3479 oonlbra-

130 3494 176 3543 tur
194 3492 277 3563 QssA']
296 3495 503 3559 consequantur
519 3498 547 3545 m
566 3493 745 3547 conferantur
762 3500 809 3547 PR
