2408 3840
528 181 546 252 ΙΙ
561 186 585 252 7,
600 197 682 238 s-11.
976 143 981 151 Ι
1069 181 1110 244 21

105 329 215 394 monio
239 328 421 393 divinitatis
441 332 583 411 ornatur,
606 327 756 392 formatis
775 326 920 390 moribus
944 326 1112 391 hominnm

106 423 139 482 et
161 417 270 482 divina
293 416 500 481 institutione
520 417 719 500 compositis,
742 415 833 480 falsis
853 415 1112 480 accusationibus

106 507 242 570 obrutus
271 510 304 570 et
331 506 467 571 acerbae
495 505 668 570 delationis
697 509 850 569 oneratus
877 503 1000 568 invidia
1026 505 1112 568 inde

106 595 216 659 sensus
239 595 439 678 et‘proditus
459 615 589 658 severae
607 593 932 658 animadvertentium
954 593 1112 677 potestati

79 683 288 750 ssubcubuit.
321 682 478 759 Quotiens
501 682 633 747 fortuna
651 683 881 766 imperatorem
900 680 1112 766 Alcibiadem,

104 773 254 856 quotiens
279 773 405 836 exulem
427 771 528 836 fecit?
574 770 659 847 Quid
682 772 720 835 de
743 771 809 834 ista
832 771 930 835 sortis
953 771 1112 834 varietate
1144 772 1164 835 9

104 861 271 926 dicamus?
314 860 506 925 Patiebatur
528 861 608 924 haec
630 859 816 924 Alcibiades
840 859 879 923 ad
903 859 1031 924 civilem
1054 859 1112 923 im-

103 949 237 1033 perandi
257 951 387 1014 modum
407 947 551 1014 Socratis
574 948 693 1013 divinis
711 948 912 1033 magisteriis
932 947 1112 1029 institutus,

104 1042 137 1102 et
160 1060 233 1103 cum
253 1060 379 1122 semper
398 1042 431 1102 et
449 1038 570 1122 ubique
588 1059 742 1122 prospere
761 1037 907 1101 duxisset
926 1036 1112 1117 exercitum,

63 1155 90 1193 ιο
103 1126 253 1191 fortunae
278 1134 392 1192 contra
415 1148 449 1192 se
473 1127 646 1191 saevientis
669 1125 825 1190 invidiam
847 1126 950 1190 vitare
968 1148 1035 1190 non
1057 1148 1113 1209 po·

104 1215 178 1279 tuit.
225 1214 286 1280 Sed
321 1216 413 1280 illum
446 1215 599 1297 forsitam
629 1219 668 1279 ut
701 1215 831 1298 quidam
863 1215 978 1278 volunt
1011 1211 1113 1300 (absit

104 1304 202 1385 enim,
231 1309 268 1368 ut
295 1305 357 1369 hoc
386 1307 501 1368 nostra
532 1304 679 1369 oratione
711 1303 906 1388 firmemus),
939 1325 1113 1387 pravarum

103 1393 318 1476 cupiditatum
340 1391 497 1457 desideria
516 1396 669 1475 ceperant
693 1396 726 1455 et
748 1392 897 1456 incautae
917 1392 1112 1456 temeritatis

103 1480 221 1546 fefellit
235 1482 401 1564 inprovisa
415 1482 473 1545 ris.
500 1480 598 1545 Aliud
614 1502 692 1566 ergo
702 1479 905 1564 proferamus
920 1481 1113 1565 exemplum,

63 1596 89 1636 15
103 1574 141 1634 ut
167 1569 218 1633 vel
246 1571 292 1634 sic
322 1571 362 1633 ad
390 1569 603 1634 confessionis
628 1570 796 1654 angustias
828 1570 992 1634 coarteris.
1039 1566 1111 1632 Pla·
1122 1569 1163 1633 10

103 1663 214 1721 tonem
237 1680 311 1722 eum
334 1658 399 1721 illis
423 1657 523 1721 animi
546 1659 730 1740 virtutibus,
755 1681 828 1724 cum
851 1658 909 1723 illa
932 1658 1111 1741 sapientiae

104 1746 252 1809 doctrina
278 1744 423 1809 vendidit
449 1746 554 1809 fatum
582 1751 615 1810 et
642 1747 734 1811 illam
761 1747 862 1811 divini
890 1745 990 1811 animi
1018 1747 1112 1812 disci-

103 1833 227 1917 plinam
242 1833 420 1917 tyrannicis
440 1833 686 1899 crudelitatibus
702 1858 738 1900 ac
757 1835 946 1900 ludibriosis
960 1833 1110 1918 Dionysii

103 1922 323 2006 potestatibus
346 1922 488 1987 tradidit.
536 1921 572 1986 Si
594 1923 674 1987 haec
696 1945 762 1986 non
785 1922 964 2006 sufficiunt,
989 1923 1029 1987 ad
1052 1924 1113 2007 Py·

63 2038 90 2076 ro
104 2011 261 2096 thagorae
284 2010 455 2096 naufragia
477 2015 686 2076 revertamur.
722 2011 834 2087 Qualis
853 2011 903 2075 vir
925 2011 980 2075 ille
1003 2011 1112 2097 fuerit,

105 2099 255 2164 omnibus
282 2104 398 2164 notum
426 2102 489 2184 est;
517 2101 608 2164 euius
635 2100 791 2163 virtutem
819 2099 1012 2182 sapientiam
1038 2123 1114 2185 pru·

104 2188 311 2272 dentiamque
335 2192 368 2252 et
391 2187 499 2252 divina
518 2188 618 2252 animi
637 2193 820 2253 commenta
838 2192 871 2252 et
888 2188 1057 2253 hominum
1078 2193 1112 2254 et

104 2276 236 2341 deorum
259 2278 438 2362 probavere
461 2277 589 2342 iudicia.
634 2278 720 2343 Ecce
744 2278 784 2342 ad
810 2299 972 2341 summum
996 2279 1163 2343 cunctall

102 2365 273 2449 perdidicit
306 2369 352 2450 et,
382 2388 423 2430 ne
455 2366 533 2449 quid
565 2367 691 2431 deesset
727 2366 796 2431 eius
829 2366 938 2431 divino
971 2366 1112 2452 ingenio,

62 2482 89 2522 as
103 2455 283 2538 peregrinis
303 2455 400 2519 etiam
421 2454 618 2538 magisteriis
637 2455 781 2520 imbutus
801 2455 842 2518 ad
861 2455 970 2520 omnia
989 2455 1112 2540 sapien·

103 2542 168 2606 tiae
201 2547 324 2608 secreta
354 2543 538 2627 penetravit
568 2548 614 2628 et,
646 2547 683 2607 ut
714 2545 821 2608 verius
848 2544 978 2628 loquar,
1010 2545 1111 2609 divini

104 2629 203 2695 animi
232 2632 412 2696 intentione
440 2632 577 2714 primus,
607 2635 707 2696 immo
735 2634 844 2717 potius
873 2633 961 2698 solus
989 2633 1023 2697 in
1046 2634 1111 2698 ista

102 2720 229 2802 positus
253 2720 433 2805 fragilitate
460 2724 590 2785 terrena
611 2724 764 2785 naturam
792 2725 825 2785 et
853 2722 1011 2806 originem
1035 2745 1111 2806 pro-

102 2808 168 2872 vidi
190 2809 333 2873 numinis
358 2831 395 2873 ac
423 2808 550 2873 divinae
579 2810 760 2874 maiestatis
783 2811 914 2875 invenit
962 2808 1110 2875 Salutare

61 2927 89 2965 no
102 2896 192 2979 illud,
215 2901 254 2960 ut
276 2898 409 2981 quidam
431 2898 555 2981 volunt,
578 2902 611 2962 et
634 2898 806 2982 providum
823 2903 943 2963 numen
961 2921 1019 2983 per
1041 2900 1110 2965 dies

103 2984 249 3070 singulos
278 2986 486 3070 sequebatur3
516 2986 607 3051 euius
639 2986 771 3051 monitis
804 2991 901 3071 atque
928 2988 1109 3071 praeceptis

100 3074 249 3158 purgatis
274 3075 376 3138 animi
404 3073 554 3139 sordibus
583 3076 622 3139 ad
651 3076 759 3140 omnia
781 3076 897 3160 †ritae
921 3080 1111 3141 ornamenta

729 3198 740 3238 1

172 3255 185 3301 1
202 3248 330 3302 diuitatis
346 3251 381 3308 α
420 3255 436 3301 3
451 3252 481 3303 et
490 3250 516 3320 σ]
527 3251 570 3302 est
585 3253 589 3311 1
606 3248 757 3317 dilationes
770 3251 922 3304 honoratus
937 3251 1016 3319 (hon-
1029 3252 1110 3305 etiam

100 3322 130 3389 Q)
145 3318 268 3373 iuidial’
323 3319 540 3373 5succubuitv
556 3323 560 3387 l
576 3318 772 3389 imperatorem
788 3323 841 3376 des.
856 3328 879 3374 V
892 3324 955 3389 fid*
1001 3321 1109 3375 ldice-

98 3408 160 3444 mus
178 3409 196 3442 v
245 3393 455 3444 esocraresrrr
507 3390 721 3451 11i11ud1ro²
772 3392 951 3452 16uiribus0
999 3399 1031 3446 18
1042 3393 1109 3461 dyo-

98 3461 164 3516 nisii
177 3466 255 3520 11²0
306 3467 339 3515 19
353 3461 482 3532 pitagore
495 3479 558 3530 say
572 3466 592 3513 P
605 3464 760 3532 pytagorae
775 3469 797 3522 Q
846 3469 880 3517 20
894 3467 1066 3518 reuertemur
1074 3469 1109 3516 1²⁸

99 3538 133 3586 28
155 3535 258 3586 natura
280 3538 301 3584 P
373 3535 591 3586 sternumenta
613 3535 643 3586 et
664 3538 691 3585 Ι
714 3536 804 3604 possis
827 3534 925 3608 [vitae]
949 3543 974 3592 et
997 3534 1108 3590 virtutis
