2416 3840
107 142 128 204 2
425 92 428 97 ⁴
545 140 683 196 FIRMICI

108 287 328 371 prodiderunt,
351 309 422 351 cum
442 308 535 351 verae
554 286 691 351 rationis
711 285 925 370 explicatione
946 287 1117 370 quaesisti:

109 375 186 459 quid
210 374 289 440 velit
312 397 381 440 esse
406 373 529 460 Scylla,
556 375 632 458 quid
656 373 851 458 Charybdis,
881 375 958 459 quid
981 398 1117 441 concur-

109 465 252 528 rentium
274 465 309 528 in
332 463 417 528 freto
440 464 598 529 fluctuum
627 463 816 528 turbulenta
845 463 1005 549 confusio,
1033 486 1116 549 quos

109 552 271 616 disiuncta
299 575 336 617 ac
367 556 517 636 separata
539 552 642 616 maria
669 558 758 617 certo
786 552 941 617 horarum
969 558 1117 636 tempore

108 664 145 706 ao
177 642 283 726 spatio
316 642 479 705 contraria
510 635 667 705 undarum
701 641 869 706 collisione
902 642 1117 728 coniungunt3
1146 670 1159 710 ⁵

109 730 186 815 quid
208 729 331 794 faciant
353 730 459 815 ignes,
487 730 542 812 qui
574 752 611 793 ex
636 731 761 795 Aetnae
789 728 910 794 vertice
934 739 1117 813 erumpunt,

108 841 189 903 quae
212 823 329 883 natura
352 840 463 882 eorum
487 839 607 902 quaeve
631 818 823 901 substantia,
847 841 885 883 ex
907 841 970 901 qua
988 820 1116 904 origine

108 907 176 972 sine
204 908 330 972 iactura
358 907 480 970 montis
508 910 601 971 tanta
627 908 876 991 proficiscantur
899 912 931 970 et
962 907 1117 972 anhelent

107 996 268 1078 incendia3
297 995 402 1078 qualis
427 996 470 1060 sit
497 995 600 1079 lacus,
632 999 687 1079 qui
710 1018 810 1079 prope
835 995 961 1059 alveum
986 995 1117 1079 Symae-

107 1085 192 1148 thini
224 1085 328 1148 amnis
362 1084 557 1161 ostenditur,
588 1084 639 1148 cui
666 1083 795 1149 Palicus
819 1105 938 1147 nomen
965 1089 1030 1169 est,
1059 1086 1160 1169 quire

109 1195 235 1257 semper
259 1173 471 1237 crassitudine
495 1172 601 1236 lurida
619 1172 767 1238 sordidus
790 1172 967 1237 liventibus
990 1173 1115 1256 spumis

71 1318 73 1322 ,
109 1261 287 1326 obatrescit
318 1265 351 1325 et
384 1264 548 1344 strepente
583 1261 733 1346 coniugio
771 1261 927 1326 stridulus
960 1266 1116 1346 argutum

72 1361 94 1426 5
109 1372 254 1415 murmur
274 1349 416 1414 exihilat.
450 1349 566 1415 Cetera
584 1351 683 1414 etiam
701 1351 810 1414 omnia
829 1371 955 1414 mecum
969 1350 1116 1415 recolens

109 1442 142 1503 et
165 1439 345 1522 requirens,
368 1460 449 1523 quae
473 1438 535 1502 tibi
559 1462 579 1503 a
600 1440 706 1522 primo
731 1438 848 1503 aetatis
872 1439 974 1524 gradu
998 1443 1032 1502 et
1054 1437 1117 1505 At·

108 1529 192 1593 tioae
215 1531 248 1592 et
266 1526 431 1591 Romanae
450 1527 581 1592 litterae
600 1527 638 1592 de
660 1527 906 1591 admirabilibus
929 1528 1116 1611 provinciae
1132 1557 1159 1597 15

110 1615 239 1682 Siciliae
258 1616 470 1698 tradiderunt,
494 1617 534 1680 ad
552 1616 704 1680 ultimum
724 1616 764 1680 ad
780 1615 983 1680 Archimedis
1003 1617 1117 1699 sphae-

109 1728 180 1769 ram
208 1705 373 1768 sermonis.
394 1708 492 1787 atque
520 1706 677 1770 orationis
701 1710 775 1770 tuae
799 1704 943 1769 ordinem
971 1708 1117 1770 transtu-

108 1794 178 1858 listi
202 1793 373 1857 ostendens
398 1793 479 1857 mihi
502 1794 601 1859 divini
624 1795 747 1880 ingenii
769 1796 819 1857 tui
841 1794 1048 1878 prudentiam
1069 1799 1117 1859 at-

110 1906 171 1967 que
196 1883 396 1947 doctrinam:
419 1882 496 1967 quid
524 1905 640 1948 novem
663 1884 712 1947 illi
736 1883 840 1968 globi,
868 1882 944 1966 quid
972 1883 1116 1966 quinque

108 1994 217 2054 zonae,
236 1993 318 2056 quae
333 1970 460 2050 diverso
474 1978 665 2036 naturarum
684 1992 800 2056 genere
821 1972 1016 2054 colorantur,
1036 1971 1115 2055 quid
1130 2002 1157 2040 ro

108 2061 277 2127 duodecim
290 2060 435 2125 facerent
450 2060 552 2146 signa,
567 2060 644 2144 quid
660 2061 800 2144 quinque
815 2061 984 2124 stellarum
995 2060 1116 2144 sempi-

109 2155 219 2214 ternus
244 2171 333 2214 error
356 2153 516 2233 operetur,
539 2150 616 2232 quid
637 2146 721 2213 Solis
746 2149 900 2214 cotidiani
924 2170 1036 2213 cursus
1061 2172 1116 2213 an-

108 2238 227 2321 nuique
255 2238 391 2320 reditus,
424 2238 501 2320 quid
523 2236 634 2300 Lunae
662 2238 756 2302 velox
783 2242 892 2302 motus
921 2238 1115 2322 assiduaque

107 2327 240 2391 luminis
264 2325 314 2390 vel
338 2330 514 2408 augmenta
536 2326 586 2389 vel
610 2325 738 2409 damna,
763 2327 893 2410 quantis
917 2327 1017 2391 etiam
1041 2349 1116 2392 con·

107 2414 309 2480 versionibus
333 2413 436 2477 maior
458 2412 513 2477 ille
533 2435 627 2496 quem
646 2415 756 2479 ferunt
776 2415 983 2498 perficeretur
1002 2438 1116 2501 annus,
1131 2447 1158 2486 25

108 2505 164 2589 qui
188 2502 327 2588 quinque
351 2502 410 2565 has
435 2501 556 2584 stellas,
579 2501 705 2567 Lunam
729 2503 828 2568 etiam
847 2507 881 2568 et
900 2502 1010 2568 Solem
1032 2505 1115 2569 locis

109 2593 175 2656 suis
200 2592 445 2676 orig'inihusque
468 2592 629 2675 restituit,
653 2592 709 2676 qui
732 2591 821 2656 mille
845 2596 878 2656 et
902 2593 1118 2678 quadringen-

108 2686 217 2746 torum
242 2685 274 2744 et
297 2681 466 2765 sexaginta
490 2683 523 2745 et
541 2681 635 2746 unius
656 2681 731 2745 anni
751 2681 888 2745 circuitu
906 2682 1117 2767 terminatur,

197 2915 212 2961 2
232 2907 313 2961 scilla
330 2914 353 2960 v
369 2910 373 2980 l
390 2869 530 2975 charibdis
549 2915 569 2961 P
626 2916 643 2963 4
663 2908 786 2978 separati
804 2915 824 2961 P
881 2916 895 2963 6
915 2909 1034 2981 faciant]
1052 2912 1116 2966 Iao.

109 2985 176 3047 8.1,
197 2980 292 3049 Gierip
310 2981 347 3033 ad
360 2981 435 3035 Plio.
450 2998 489 3048 ep.
510 2981 536 3033 V
546 2985 590 3034 19.
606 2985 632 3046 3,
650 2981 813 3034 medicorum
830 2997 910 3034 usum
929 2983 1116 3050 (predicamen-

107 3060 166 3107 tum
183 3050 253 3105 facit
269 3050 397 3120 multum,
416 3050 497 3118 nihil)
516 3053 575 3118 cfrt.
591 3053 709 3105 Mueller
730 3053 733 3122 l
754 3052 875 3105 aethnae
948 3061 962 3108 7
982 3068 1074 3120 quaue
1092 3058 1117 3105 V

108 3129 124 3177 8
143 3122 264 3176 iactura:
286 3141 302 3175 u
321 3140 354 3176 ec
372 3139 390 3174 a
407 3128 428 3174 P
453 3127 456 3189 Ι
480 3121 693 3192 proficiscuntur
710 3128 746 3174 1²⁸
830 3129 845 3176 9
865 3122 1016 3191 symethini
1034 3129 1116 3176 MPR

108 3193 292 3248 simethiniV
374 3199 406 3246 12
430 3192 583 3247 abatreseit
604 3199 666 3245 1’12a
690 3194 694 3263 1
720 3192 844 3248 convicio
865 3194 895 3247 0.
914 3195 991 3248 dabre
1014 3195 1115 3248 Philol.

107 3268 130 3319 Ι
148 3270 203 3319 648
226 3263 355 3334 confligio
378 3265 479 3332 Haupt
501 3281 542 3332 op.
565 3265 622 3316 ΙΙΙ
641 3268 695 3318 324
790 3270 822 3318 15
847 3265 1070 3318 ammirabilibus
1092 3271 1117 3318 V

110 3361 142 3408 16
153 3340 275 3435 ⁴spiram
293 3360 320 3406 M
338 3369 447 3422 speram
465 3357 539 3404 ΡΠ
626 3359 658 3406 17
678 3368 845 3433 sermonem,
865 3371 932 3409 corr.
952 3353 982 3406 A‘
1000 3357 1004 3422 Ι
1025 3357 1117 3407 trans-

107 3425 231 3479 tuher
303 3430 336 3478 18
355 3424 525 3478 ostendesv
598 3429 629 3476 21
651 3427 846 3493 semprtemus:
869 3442 923 3478 nus
946 3442 979 3479 erc
997 3443 1064 3478 num
1082 3425 1120 3477 P’

108 3503 142 3550 22
161 3494 309 3550 cottidiani
327 3501 350 3547 R
412 3501 446 3548 24
465 3494 587 3562 dampna
605 3500 651 3547 Pv
668 3497 672 3566 Ι
688 3498 809 3563 quantas
827 3502 854 3548 Μ
917 3502 950 3550 26
969 3495 1040 3549 lucis
1058 3497 1115 3570 1²³1
