2416 3840
143 176 207 239 238
576 174 714 228 FIRMIOI

144 321 185 386 ad
207 321 334 385 Lunam
362 325 408 406 et,
436 325 713 404 quantuscumque
738 319 906 404 signorum
930 319 1074 404 (fuerit)
1097 345 1156 386 nu·

143 432 265 495 manue,
296 414 390 473 tanta
417 411 456 473 ab
484 410 666 493 horoscopo
693 408 852 491 incipiens
883 410 978 494 signa
1003 433 1155 495 numera,

143 503 177 562 et
201 499 350 582 quodque
383 498 512 584 signum
544 498 695 562 habuerit
726 497 940 561 novissimum
970 520 1154 583 numerum,

112 587 246 671 2ipsius
271 588 399 672 signum
422 588 530 651 locum
548 586 712 650 Fortunae
732 587 943 650 demonstrat.
989 585 1053 652 Sed
1072 587 1154 654 haec

140 676 263 759 platica
287 675 486 759 computatio
510 679 569 760 est,
593 697 689 758 quam
711 675 785 738 ideo
808 675 985 758 posuimus,
1008 698 1049 740 ne
1075 677 1188 760 quida

142 765 278 829 anobis
306 764 571 848 praetermissum
599 785 668 827 esse
695 764 855 847 videatur,
881 764 1047 846 partiliter
1076 787 1154 839 vero

142 853 233 918 locus
255 852 420 918 Fortunae
442 852 507 916 ista
530 853 656 916 ratione
679 852 854 937 colligitur,
878 873 974 935 quam
997 856 1036 917 tu
1058 855 1154 940 sequi

141 942 176 1005 in
204 941 292 1006 omni
321 941 538 1024 disputatione
571 941 711 1005 debebis.
762 941 852 1005 Tunc
881 942 967 1005 enim
995 963 1073 1007 vera
1102 943 1154 1007 de-

141 1031 247 1094 finitio
278 1032 337 1110 [et]
372 1029 406 1092 in
438 1030 726 1113 apotelesmatibus
760 1029 955 1114 proferetur,
988 1032 1153 1115 quotiens-

142 1140 278 1201 cumque
307 1117 436 1202 singula
462 1119 534 1182 loca
561 1117 673 1201 partili
699 1117 821 1182 fuerint
849 1119 974 1183 ratione
1003 1120 1151 1185 collecta.
1165 1147 1188 1186 ιο

142 1205 196 1272 Sic
214 1207 326 1289 vitam,
347 1207 394 1271 sic
413 1228 512 1291 spem,
532 1206 578 1271 sic
596 1206 724 1289 fratres,
744 1206 790 1271 sic
808 1210 969 1291 parentes,
989 1207 1036 1273 sic
1054 1209 1152 1292 filios,

37 1367 39 1371 7
141 1295 188 1360 ‘sic
211 1295 417 1378 valitudines,
446 1296 492 1359 sic
520 1295 704 1380 coniugem,
732 1296 778 1360 sic
801 1299 953 1379 mortem,
977 1297 1024 1360 sic
1047 1304 1152 1380 actuS,

141 1384 187 1448 sic
212 1384 346 1467 amicos,
375 1385 421 1449 sic
449 1383 612 1465 inimicos,
641 1385 687 1448 sic
716 1388 824 1449 cetera
852 1385 974 1468 omnia,
1002 1407 1149 1470 quaeque

140 1472 175 1536 in
203 1472 388 1537 substantia
414 1473 548 1536 humani
581 1472 708 1556 generis
739 1473 957 1557 requirentur,
984 1474 1071 1538 veris
1101 1475 1151 1538 de

139 1561 343 1626 finitionibus
363 1561 547 1646 explicabis.
581 1560 667 1636 Quae
688 1562 797 1625 omnia
812 1566 889 1625 tunc
903 1561 1149 1646 explicabimus
1163 1588 1184 1629 n

140 1673 213 1715 curn
242 1651 282 1714 ad
308 1649 609 1733 interpretationem
638 1652 818 1714 venerimus
852 1649 975 1715 sfaerae
1003 1651 1150 1716 barbari-

140 1761 208 1822 cae,
240 1739 320 1803 haec
349 1740 434 1804 enirn
463 1740 572 1803 omnia
598 1738 726 1803 divinus
758 1739 813 1802 ille
842 1738 985 1802 Abram
1014 1744 1047 1803 et
1075 1763 1150 1825 pru-

140 1827 347 1892 dentissimus
362 1827 538 1892 Achilles
557 1828 736 1892 verissimis
751 1827 860 1892 conati
875 1831 951 1892 sunt
964 1829 1148 1894 rationibus

139 1917 290 1983 invenire.
338 1915 401 1981 Sed
423 1917 514 1981 locus
528 1916 701 1999 Fortunae,
720 1918 758 1980 de
778 1938 842 2000 quo
861 1917 952 2000 loqui
972 1918 1149 2002 coepimus,

108 2006 303 2091 3partiliter
335 2005 401 2070 ista
432 2006 557 2070 ratione
590 2005 765 2090 colligitur.
813 2004 848 2071 si
880 2006 1029 2070 diurnam
1061 2007 1183 2092 geni-ac

138 2100 246 2160 turam
265 2099 409 2159 tractans
428 2094 537 2159 locum
551 2093 715 2159 Fortunae
735 2093 880 2178 coeperis
899 2116 1062 2179 quaerere,
1086 2096 1148 2161 hac

139 2208 211 2250 eum
236 2184 433 2269 investigato
457 2185 596 2248 ratione:
625 2187 761 2268 aparte
786 2181 871 2247 Solis
899 2182 1056 2248 inchoans
1082 2207 1148 2249 om-

137 2274 228 2337 nium
252 2273 420 2358 signorum
443 2277 552 2356 partes
576 2294 677 2356 usque
701 2273 741 2336 ad
764 2272 845 2336 illud
865 2272 1004 2357 signum,
1027 2273 1062 2336 in
1083 2296 1147 2357 quo

139 2365 188 2425 est
216 2361 321 2445 Luna,
349 2383 422 2425 cum
449 2362 529 2445 ipsis
557 2361 667 2426 Lunae
695 2361 858 2445 partibus,
887 2359 947 2442 [in]
976 2366 1148 2445 quantam-

139 2472 274 2533 cumque
303 2453 391 2514 totae
414 2455 524 2533 partes
548 2450 685 2515 fecerint
709 2471 881 2533 summam,
910 2449 1028 2514 additis
1051 2450 1185 2518 horos

139 2540 228 2621 scopi
238 2538 429 2621 (partibus)
438 2537 622 2622 †inch0ans
638 2537 913 2623 computationem
927 2539 955 2602 is
966 2539 1150 2627 collegeris,

138 2629 179 2693 ab
202 2627 384 2710 horoscopo
407 2626 565 2710 incipiens
588 2628 622 2690 in
646 2628 811 2691 dexteram
834 2631 963 2711 partem
985 2628 1026 2691 ab
1051 2627 1148 2696 horo

209 2827 223 2872 1
243 2819 331 2887 suppl.
347 2818 376 2870 A‘
454 2824 469 2870 3
490 2822 518 2872 et
531 2818 574 2890 A']
594 2822 643 2872 aut
659 2820 663 2889 Ι
680 2819 874 2888 quodcumque
891 2839 909 2873 v
927 2821 961 2887 cf.
977 2821 1015 2873 ad
1027 2824 1132 2888 217,1o

138 2892 248 2962 signum
263 2907 312 2943 om.
324 2895 350 2942 u
393 2896 409 2941 4
424 2891 511 2944 dicere
524 2893 588 2945 solet
601 2890 693 2959 ipsum
707 2889 761 2943 tibi
776 2890 886 2960 signum
927 2897 942 2944 5
957 2890 1066 2959 placita
1081 2898 1131 2945 PB

136 2979 282 3034 possumus
296 2966 343 3013 PR
389 2967 499 3028 tquam
513 2964 544 3014 tu
559 2961 638 3030 sequi
647 2959 690 3033 A‘]
700 2965 822 3030 quantus
836 2978 907 3035 qque
953 2960 1149 3018 sdeffinitior

137 3043 152 3089 9
168 3038 197 3089 et
209 3036 260 3088 del.
271 3054 287 3086 κ
304 3036 308 3101 Ι
323 3033 488 3102 proferatur,
503 3050 570 3088 corr.
581 3054 597 3086 κ
649 3039 681 3086 10
695 3032 844 3103 partiliter,
859 3050 926 3087 corr.
936 3031 964 3085 A‘
1017 3039 1051 3086 16
1061 3053 1146 3103 nunc,

136 3123 203 3160 corr.
223 3104 252 3157 A'
271 3106 274 3171 Ι
292 3103 500 3173 explieauimus,
519 3121 587 3158 corr.
607 3102 678 3164 Μ
698 3105 731 3170 cf.
749 3104 794 3157 VI
803 3106 823 3171 f.
835 3104 993 3157 LXXXII
1007 3121 1027 3158 c.
1044 3109 1063 3158 3
1078 3107 1148 3160 med.

137 3184 170 3231 16
189 3175 412 3247 ferehtferql’lt
467 3181 498 3228 17
514 3175 665 3229 abraamu
720 3180 753 3228 18
768 3175 930 3228 achilesPR
984 3180 1018 3227 20
1033 3175 1148 3232 deloco

136 3249 247 3320 fortune
257 3263 318 3300 wne.
328 3247 402 3301 rubr.
413 3248 526 3300 additu
542 3248 546 3317 l
563 3247 663 3300 diurna
677 3245 815 3316 genitura,
825 3246 932 3302 corr.A'
979 3250 1012 3298 22
1027 3245 1149 3302 inuesti-

136 3323 213 3389 gata,
227 3335 294 3372 corr.
305 3339 322 3370 κ
338 3320 342 3387 l
360 3320 470 3386 aparte
480 3317 522 3442 Fi]
538 3321 634 3386 aperto
651 3321 654 3387 l
670 3318 794 3385 inchoat,
808 3334 875 3371 corr.
886 3336 904 3370 v
958 3322 991 3369 23
1006 3316 1149 3372 illumrn

136 3397 170 3443 24
184 3390 226 3461 in]
240 3396 260 3442 1'1
273 3393 293 3440 Ρ
307 3389 350 3442 del
363 3389 393 3440 A'
410 3391 498 3458 aliqui
530 3391 660 3444 excidisse
673 3391 779 3444 uidetur
792 3389 826 3455 cf.
841 3392 906 3454 239,
918 3398 944 3455 7,·
961 3390 1023 3454 fort.
1039 3391 1085 3444 hic
1102 3392 1148 3444 in-

135 3462 278 3516 serendum
296 3460 504 3528 computatione
519 3459 542 3512 si
557 3460 701 3530 collegeris
715 3461 765 3514 dcl.
780 3459 914 3513 inchoans
929 3460 962 3526 cf.
974 3459 1019 3512 VI
1030 3461 1047 3514 l.
1063 3461 1080 3516 l.
1095 3462 1148 3517 eol.

135 3534 205 3586 atio.
260 3536 293 3584 26
313 3531 376 3583 add.
396 3530 425 3583 Δ’
444 3530 604 3601 {colligeris
622 3537 670 3584 PR
741 3536 775 3585 27
794 3530 1046 3601 aborosc.sign1
