2416 3840
474 162 513 215 HI
528 168 569 231 14,
585 178 652 218 1—9.
1005 163 1069 227 193

55 307 213 384 decernit,
237 307 263 370 si
287 329 363 371 vero
388 329 445 390 per
468 308 552 371 diem
576 308 610 371 in
633 308 695 373 hoc
718 309 789 372 loco
813 308 921 392 posita
943 309 1068 374 minuto

54 397 180 462 lumine
204 396 244 459 ad
268 393 444 460 Saturnum
472 397 596 460 feratur
623 398 674 460 vel
698 418 771 460 cum
794 397 866 481 ipso
891 397 946 480 sit,
975 398 1069 462 vitio·

55 509 131 550 rum
155 483 348 548 valitudines
373 488 405 548 et
429 486 532 549 malae
557 486 672 549 mortis
696 489 728 549 et
750 485 998 570 proscriptionis
1023 488 1068 550 in-

58 574 236 640 commoda.
284 570 319 637 Si
342 595 418 638 vero
442 574 533 638 locus
558 573 720 638 Fortunae
743 575 778 638 in
801 574 924 638 decimo
949 576 989 639 ab
1013 575 1099 640 hob

32 683 197 746 croscopo
220 662 292 726 loco
316 661 415 726 fuerit
437 663 597 746 inventus,
619 662 705 726 idest
728 663 762 726 in
781 661 859 743 ΜΟ,
882 664 932 727 vel
957 664 992 727 in
1010 688 1068 728 un-

12 823 15 829 ¹
60 750 193 831 decimo,
221 751 256 814 in
284 772 348 834 quo
377 751 448 815 loco
477 748 546 815 MC.
570 773 645 835 pars
673 751 943 835 frequentissimis
972 754 1070 817 ratio-

58 839 154 904 nibus
177 839 350 918 invenitur,
374 843 406 902 et
430 840 477 903 ibi
496 839 587 904 Luna
610 862 755 905 crescens
774 841 951 905 luminibus
971 841 1069 906 fuerit

58 929 191 993 inventa
214 932 246 991 et
269 928 315 993 sic
343 928 384 992 ad
408 925 584 993 Saturnum
611 928 736 993 feratur
764 930 815 993 vel
845 930 872 994 si
901 952 973 994 cum
996 930 1067 1014 ipso

59 1016 104 1081 sit
132 1020 166 1080 et
194 1017 238 1080 sit
267 1014 322 1081 Sol
354 1018 518 1100 partiliter
549 1019 584 1082 in
610 1018 792 1102 horoscopo
821 1019 1069 1103 <constitutus>,

16 1131 44 1171 ιο
58 1105 171 1170 felices
194 1106 307 1170 beatos
332 1106 493 1190 gloriosos
521 1107 647 1171 nobiles
671 1106 750 1171 facit
775 1112 807 1172 et
829 1107 989 1172 maximae
1011 1131 1069 1192 po-

58 1194 190 1259 testatis
214 1194 358 1259 decernit
382 1194 537 1279 insignia,
565 1195 621 1260 sed
643 1195 722 1260 facit
744 1195 805 1260 hos
829 1197 957 1261 eosdem
980 1197 1069 1261 vitiis

58 1305 98 1349 ac
115 1282 349 1347 solitudinibus
373 1283 544 1366 implicari.
587 1283 621 1348 Si
644 1306 719 1348 vero
745 1284 801 1349 Sol
825 1307 891 1350 non
913 1285 1012 1349 fuerit
1034 1285 1097 1349 iul

58 1371 241 1455 horoscopo
272 1370 470 1436 constitutus
501 1377 534 1436 et
566 1373 637 1456 ipsa
667 1374 706 1437 ad
739 1371 914 1437 Saturnum
946 1373 1069 1438 feratur

59 1459 114 1524 vel
136 1481 208 1524 cum
231 1460 303 1545 ipso
328 1461 380 1543 sit,
409 1460 466 1545 [si]
491 1461 568 1544 quid
591 1462 755 1543 decernat,
785 1461 943 1544 superiori
971 1463 1068 1545 expli-

16 1574 44 1615 15
61 1549 151 1613 tione
174 1549 435 1613 monstravimus.
483 1548 516 1614 Si
540 1572 616 1614 vero
640 1551 674 1614 in
701 1549 762 1615 hoo
789 1552 861 1615 loco
891 1551 1068 1615 constituta

57 1638 95 1702 in
118 1637 406 1722 diurna-genitura
430 1660 576 1702 crescens
599 1638 776 1704 luminibus
801 1640 840 1703 ad
861 1638 968 1704 Solem
989 1639 1068 1704 fera·

58 1730 114 1791 tur
141 1726 192 1789 vel
220 1748 292 1790 cum
321 1727 391 1809 ipso
420 1727 478 1809 sit,
505 1731 653 1810 potentes
682 1727 838 1792 factiosos
866 1728 1069 1793 administra-

59 1820 148 1880 tores
179 1815 364 1899 iudioesque
393 1816 553 1900 perficiet,
583 1821 616 1880 et
644 1817 672 1880 si
703 1817 754 1880 bis
783 1817 930 1901 Iuppiter
960 1818 1069 1901 aliqua

60 1925 94 1968 se
119 1903 275 1968 societate
295 1903 505 1988 coniunxerit,
527 1904 666 1988 imperia
685 1905 830 1990 largitur.
877 1904 1000 1980 Quodsi
1019 1905 1099 1970 ‹le-8

16 2019 45 2058 ao
60 1991 171 2059 ficiens
195 1992 316 2056 lumine
340 1993 374 2055 in
401 1992 463 2057 hoe
486 1993 557 2058 loco
586 1992 765 2058 constituta
786 1994 821 2058 in
844 1993 959 2059 diurna
982 1996 1070 2079 geni-

61 2086 138 2145 tura
160 2080 201 2144 ad
225 2079 333 2146 Solem
357 2082 493 2164 feratur,
521 2104 674 2164 processu
702 2084 858 2165 temporis
886 2084 1069 2167 potentiam

61 2169 202 2255 gloriam
238 2168 599 2254 administrationesque
631 2170 778 2254 largitur.
835 2170 870 2236 Si
904 2194 979 2236 vero
1012 2195 1069 2258 per

60 2261 192 2322 noctem
221 2257 371 2322 deficiens
401 2259 522 2323 lumine
550 2261 584 2322 in
615 2258 704 2343 [hoc]
735 2259 806 2324 loco
836 2259 998 2325 Fortunae
1030 2263 1069 2326 ad
1118 2335 1121 2339 ἵ

62 2344 172 2410 Solem
195 2345 318 2410 feratur
340 2347 391 2410 vel
412 2370 483 2412 cum
504 2348 574 2431 ipso
595 2350 648 2431 sit,
671 2348 769 2412 faciet
786 2348 821 2412 in
839 2349 944 2432 prima
963 2353 1068 2414 aetate

16 2463 45 2502 rs
60 2434 201 2500 humiles
225 2440 258 2499 et
282 2436 336 2520 qui
356 2436 422 2499 sint
441 2458 567 2520 semper
588 2437 722 2521 decepti,
746 2437 801 2502 sed
820 2459 973 2521 processu
991 2442 1069 2503 tem-

59 2523 150 2609 poris
175 2529 207 2587 et
230 2525 426 2606 patrimonia
453 2529 486 2588 et
514 2525 652 2610 gloriam
676 2531 709 2589 et
732 2526 870 2591 honores
894 2531 928 2591 et
950 2528 1069 2610 princi-

60 2616 158 2697 patus
187 2613 345 2678 maximos
375 2620 621 2697 consequentur.
672 2613 735 2679 Sed
763 2637 890 2698 semper
918 2615 1010 2680 Luna
1037 2616 1099 2680 et9

60 2702 97 2765 in
126 2700 188 2766 hoc
215 2701 287 2765 loco
316 2706 349 2766 et
376 2700 410 2765 in
438 2704 554 2767 ceteris
585 2703 752 2789 geniturae
780 2704 861 2769 locis
890 2704 1068 2788 ceterisque

61 2788 165 2875 signis
194 2789 265 2873 <si>
292 2790 326 2854 in
354 2791 464 2854 eadem
492 2796 585 2874 parte
613 2814 686 2856 cum
711 2789 784 2856 Sole
813 2792 911 2856 fuerit
938 2793 1070 2857 inventa

17 2904 46 2945 so
60 2899 121 2943 nec
140 2899 175 2942 se
197 2882 312 2942 cuncta
331 2877 414 2943 Solis
434 2880 589 2949 societate
608 2880 803 2964 liberaverit,
826 2881 1016 2964 periculosis
1036 2886 1068 2944 et

61 2966 241 3031 humilibus
265 2967 390 3031 actibus
414 2968 449 3031 in
476 2968 581 3052 prima
604 2973 710 3033 aetate
734 2991 802 3052 eos,
831 2969 886 3052 qui
909 2969 977 3033 nati
1000 2969 1069 3034 fue-

61 3055 138 3140 rint,
160 3055 356 3140 implicabit3
379 3057 434 3120 sed
457 3079 611 3140 processu
635 3058 751 3121 aetatis
774 3063 850 3142 post
873 3079 987 3142 graves
1006 3058 1069 3122 ias·

61 3147 153 3208 turae
177 3143 317 3229 largitur
339 3146 540 3209 substantiae
564 3145 761 3210 facultatem.

153 3305 279 3369 lacmpe
297 3300 406 3355 minuta
482 3302 686 3356 aferanturtt
711 3306 714 3371 Ι
740 3302 845 3356 sicum
863 3308 886 3354 V
963 3302 1069 3427 tMCJ

61 3387 144 3425 merc.
165 3375 214 3423 PB
281 3371 423 3426 sadds'
494 3379 527 3425 14
546 3373 618 3444 ipso]
637 3373 699 3443 ipsa
713 3373 869 3442 MBWlsi
883 3372 1049 3443 quidesse

63 3441 246 3512 quiesctt,
270 3441 294 3495 si
316 3444 399 3497 dcta
427 3446 431 3514 l
461 3443 630 3498 decemitn
668 3502 672 3508 ἢ
728 3445 888 3499 23dcl.ac
992 3452 1025 3500 29
1046 3446 1068 3499 si

62 3513 128 3568 add.
147 3530 166 3565 v
238 3518 271 3566 30
290 3513 439 3568 coniuncta
457 3514 517 3583 soli,
536 3532 602 3569 corr.
623 3536 639 3568 a
657 3523 682 3570 et
700 3535 716 3568 a

116 3611 245 3666 murras,
259 3613 294 3653 sd.
307 3613 392 3654 Kroll
406 3616 429 3654 st
443 3613 572 3655 Skutsch
599 3615 618 3654 I.
877 3611 909 3659 13
