2408 3840
522 151 548 205 Π
561 156 604 221 20,
618 168 700 208 a-—ra
1069 155 1111 219 67

104 295 241 380 hospitii
273 294 382 382 gratia
413 294 513 361 fueris
550 297 716 382 ingressus
753 301 786 361 et
818 298 966 363 dominus
999 300 1112 366 domus

103 385 253 450 felicibus
282 385 472 449 sublevatur
499 387 696 471 augmentis,
726 391 758 451 et
790 389 827 449 tu
853 388 1016 472 particeps
1044 388 1113 453 feli-

104 474 214 539 citatis
246 473 372 557 existis3
409 473 555 538 laetitiae
588 474 672 538 enim
705 475 860 559 gaudium
894 475 1031 561 hospitii
1062 479 1113 543 tui

103 561 317 627 felicitatibus
340 563 513 647 mutuaris3
537 563 565 627 si
588 585 664 627 vero
687 564 805 646 hospes
829 569 905 628 tuus
929 566 1048 631 misero
1067 568 1112 631 sit

77 652 256 735 esqualore
286 651 440 717 deformis
473 655 506 716 et
538 652 671 717 deiectis
702 652 955 718 infortuniorum
983 655 1110 720 casibus

104 741 305 824 implicatus,
333 740 432 804 etiam
461 745 494 805 et
519 744 552 805 te
576 740 771 825 participata
793 741 915 805 doloris
943 746 1041 826 atque
1064 744 1110 808 in·

103 828 239 894 fortunii
263 833 427 893 tormenta
446 830 630 894 conficiunt.
672 828 725 895 Sic
744 833 777 894 et
795 831 919 911 stellae,
942 830 1110 916 signorum
1122 835 1163 901 10

103 917 227 984 domini
246 940 320 982 cum
334 919 415 982 bene
429 917 551 983 fuerint
565 918 725 1001 collocati,
742 969 949 982 ..........
967 920 1110 986 deiciunt

102 1011 136 1072 et
155 1008 195 1071 ad
216 1011 322 1072 status
342 1008 393 1078 sui
414 1008 632 1072 conditionem
645 1008 866 1072 habitatorem
885 1012 982 1091 atque
1001 1009 1109 1093 hospi·

59 1121 86 1161 ro
99 1099 167 1161 tem
204 1097 317 1161 domus
349 1118 426 1161 suae
463 1093 566 1182 [curn]
603 1102 742 1180 aequata
778 1096 944 1161 societatis
981 1099 1107 1163 ratione

100 1189 298 1268 componunt
327 1189 360 1249 et
387 1186 427 1249 ad
450 1184 501 1249 sui
523 1185 689 1250 licentiam
716 1186 860 1249 formant
886 1184 1026 1270 hospitis
1049 1209 1107 1271 po-

99 1277 262 1338 testatem.
310 1272 434 1350 Quaere
458 1274 565 1354 etiam,
584 1275 612 1339 si
636 1273 751 1339 diurna
774 1275 923 1358 genitura
946 1279 1005 1359 est,
1030 1298 1106 1359 qua·
1119 1279 1157 1344 11

99 1367 194 1428 tenus
218 1363 342 1448 stellae,
365 1385 446 1446 quae
471 1363 593 1427 diurnis
618 1362 777 1447 genituris
801 1364 956 1448 gaudent,
979 1365 1106 1447 positae

99 1452 165 1516 sint
184 1456 218 1516 et
236 1456 395 1536 quatenus
418 1474 499 1534 quae
518 1453 702 1536 nocturnis,
724 1451 752 1516 si
772 1452 858 1515 enim
877 1450 1000 1535 stellae,
1024 1475 1106 1536 quae

55 1566 83 1606 15
99 1562 157 1625 per
180 1541 265 1605 diem
288 1540 440 1625 gaudent,
463 1541 497 1603 in
516 1540 631 1605 diurna
650 1543 801 1625 genitura
818 1539 1014 1624 principales
1033 1562 1106 1624 pos-

97 1630 237 1693 sederint
259 1627 350 1693 locos
377 1631 410 1692 et
437 1629 471 1692 in
497 1629 612 1712 primis
636 1629 821 1693 cardinibus
849 1629 971 1693 fuerint
996 1629 1105 1694 inven-

94 1723 158 1796 tae,
182 1717 323 1780 maxima
340 1716 508 1781 felicitatis
527 1718 726 1782 incrementa
744 1718 929 1781 decernunt.
971 1715 1006 1782 Si
1025 1740 1102 1784 vero

95 1805 223 1886 stellae,
251 1826 330 1887 quas
353 1827 411 1889 per
433 1809 563 1869 noctem
587 1805 727 1890 gaudere
750 1806 904 1890 diximus,
929 1805 965 1869 iu
988 1806 1103 1871 diurna

94 1894 245 1980 genitura
267 1893 460 1977 principalia
483 1894 554 1958 loca
579 1893 631 1958 vel
652 1894 777 1977 primos
800 1895 969 1980 geniturae
992 1916 1101 1978 posse-

51 1983 201 2049 auderint
224 1983 380 2068 cardines,
402 1982 530 2046 infinita
552 1982 733 2046 infortunia
756 1983 954 2047 continuatis
973 1984 1103 2048 calami-

92 2070 216 2136 tatibus
239 2071 395 2136 indicunt.
440 2070 512 2136 Hoc
540 2074 573 2134 et
599 2072 634 2135 in
660 2071 828 2136 nocturnis
856 2072 1016 2156 genituris
1045 2072 1152 2139 ob-12

92 2182 220 2225 servare
239 2160 403 2243 debemus,
426 2160 482 2225 sed
499 2160 662 2224 inmutato
681 2160 792 2224 ordine
810 2159 1000 2245 potestatis;
1019 2183 1096 2226 nam

92 2250 121 2314 si
142 2251 177 2313 in
195 2253 354 2314 nocturna
374 2249 524 2335 genitura
543 2248 665 2330 stellae,
689 2270 769 2332 quas
792 2249 931 2312 diximus
955 2250 1095 2334 gaudere

89 2343 303 2422 pernoctem,
322 2337 514 2422 principalia
532 2337 604 2402 loca
622 2338 674 2401 vel
692 2339 815 2421 primos
834 2337 1002 2422 geniturae
1021 2361 1095 2423 pos·

47 2427 232 2494 assederint
255 2427 411 2511 cardines,
434 2426 534 2491 simili
552 2427 649 2491 modo
668 2426 808 2490 maxima
831 2425 998 2492 felicitatis
1018 2449 1095 2514 aug-

87 2521 199 2581 menta
217 2517 400 2581 decernunt.
435 2514 471 2581 Si
489 2537 565 2579 vero
584 2516 619 2579 in
635 2515 805 2580 nocturnis
825 2515 992 2601 genituris,
1013 2538 1093 2601 quas

87 2604 227 2669 diximus
246 2605 362 2669 diurna
380 2604 624 2670 conversatione
643 2604 792 2689 gaudere,
810 2604 1004 2688 principalia
1021 2606 1093 2671 loca

86 2693 138 2758 vel
151 2694 273 2777 primos
288 2693 456 2778 geniturae
474 2692 678 2777 possederint
693 2691 847 2774 cardines,
865 2695 973 2756 totum
991 2693 1092 2759 felici-

86 2783 165 2847 tatis
190 2786 341 2846 omatum
364 2781 491 2847 caducis
515 2780 638 2846 faciunt
657 2781 861 2846 miseriarum
881 2780 1009 2846 casibus
1032 2782 1090 2846 im-

44 2897 72 2938 ao
85 2871 210 2955 plicari.
255 2870 345 2935 Haec
369 2871 477 2936 omnia
505 2870 533 2934 si
556 2870 707 2955 diligenti
733 2870 855 2934 fuerint
878 2869 1005 2934 ratione
1029 2872 1091 2935 col·
1106 2873 1146 2937 13

175 3015 189 3061 1
205 3009 299 3079 gratia
312 3007 461 3077 hospitiiv
477 3010 480 3079 l
497 3009 595 3062 domus
609 3015 692 3068 ocae
737 3015 753 3061 2
768 3008 961 3066 subleueturc
993 3008 1093 3082 3<ex>

83 3079 204 3150 hospitis
217 3101 235 3134 a
288 3083 383 3134 4tuos
397 3085 433 3131 Ρ·
485 3079 665 3133 tcosibusP
714 3079 836 3134 tetiam
854 3082 893 3151 et]
913 3081 947 3146 cf.
957 3080 1014 3133 ΙΙΙ
1024 3085 1051 3146 9,
1065 3095 1093 3147 c,-

83 3153 215 3222 Pelapoa.
225 3152 309 3206 ladem
318 3169 347 3220 p.
358 3155 413 3205 213
418 3171 428 3216 ;
440 3150 528 3219 Optat.
535 3172 546 3216 ;
560 3152 642 3205 Paul.
654 3151 687 3205 F.
695 3169 724 3220 p.
734 3155 761 3205 2.
776 3164 798 3218 θ,
811 3155 855 3205 21.
871 3165 891 3220 r,
907 3155 951 3205 86.
967 3163 989 3217 3,
1002 3156 1063 3205 151.
1079 3163 1093 3201 e

84 3223 127 3278 M.
143 3223 287 3292 (Mueller)
304 3225 308 3293 Ι
328 3221 511 3276 infortimul’
583 3227 599 3275 8
619 3223 667 3276 loc.
687 3223 784 3277 statuit
801 3222 865 3276 Slttl
889 3224 892 3293 l
918 3221 1051 3290 deficiunt
1068 3227 1091 3273 V

82 3297 230 3349 llstatuP
281 3300 314 3347 10
332 3294 415 3348 dclv
465 3298 498 3344 14
516 3293 659 3346 nocturnis
674 3295 701 3364 a]
715 3296 818 3346 nocent
831 3292 937 3346 diurnis
993 3298 1025 3347 15
1041 3311 1091 3362 po-

82 3364 207 3420 soderint
223 3369 247 3416 R
264 3365 448 3435 possederunt
461 3368 484 3415 V
539 3369 571 3416 19
590 3363 784 3434 principacilia
797 3369 821 3415 Β
836 3367 840 3433 Ι
855 3364 1026 3433 possiderint
1042 3369 1091 3417 PR

82 3441 114 3491 21
134 3436 272 3490 inducunt
289 3442 316 3488 Η
370 3440 404 3488 22
422 3436 532 3488 mutato
555 3441 582 3487 Η
635 3441 669 3489 24
687 3436 868 3505 possederant
881 3440 930 3487 PR
948 3438 1028 3507 (idem
1044 3437 1090 3505 28)

81 3512 116 3563 28
134 3506 349 3578 possiderentlt
403 3511 436 3559 29
456 3504 616 3574 ordinatum
633 3511 657 3558 R
710 3513 744 3560 30
764 3505 799 3578 si]
818 3505 864 3559 sili
881 3512 905 3558 B

893 3596 928 3649 ὅ*
