2416 3840
517 175 556 230 ΠΙ
570 181 594 246 5,
609 192 704 233 aa-aa
1047 177 1111 243 139

101 319 234 404 ceperit,
257 296 374 385 vitium
394 321 522 405 quidem
547 325 644 406 atque
670 321 839 407 aegritudo
863 326 1020 406 perpetua
1039 323 1110 407 erit,

102 409 159 474 sed
182 411 215 473 et
234 408 413 474 divinitatis
438 409 575 474 alicuius
594 410 798 493 providentia
816 411 1003 476 valitudinis
1024 433 1111 476 acar·

101 497 191 561 bites
214 495 393 583 mitigatur.
440 497 563 574 Quodsi
586 499 637 563 his
661 498 825 582 omnibus,
854 499 938 564 sicut
961 499 1163 583 diximusne

101 585 272 651 collocatis
291 585 443 651 Mercurii
462 608 495 650 se
516 587 718 651 coniunxerit
742 586 837 651 stella
860 592 917 651 aut
936 610 1009 653 oum
1028 589 1108 672 ipsis

71 674 210 758 aposita
228 679 285 738 aut
303 674 338 739 in
356 696 502 760 exagono
519 675 685 760 collocata,
704 675 899 740 valitudines
918 676 1009 762 istas,
1028 699 1108 760 quas

100 763 255 846 diximus,
283 767 340 827 aut
363 764 504 828 rem'edio
533 765 641 848 aliquo
670 769 727 829 aut
755 763 997 829 cantationibus
1025 787 1109 830 com·

100 851 205 935 pascit
227 855 284 916 aut
304 852 444 936 mitigat,
467 855 504 916 ut
529 852 734 917 omnifariam
756 853 807 917 his
826 852 978 917 remediis
1002 855 1042 918 ab
1062 855 1109 918 in-

103 961 199 1004 cursu
217 940 434 1005 valitudinum
452 939 640 1025 liberentur,
663 941 856 1025 praesertim
879 941 907 1006 si
925 940 1017 1006 Luna
1037 941 1107 1007 Iovi

102 1050 136 1093 se
168 1050 315 1093 cremone
348 1033 405 1093 aut
432 1028 553 1094 Veneri
585 1030 711 1094 minuta
742 1029 863 1095 lumine
895 1030 1107 1095 coniunxerit.

58 1145 86 1186 ro
100 1115 223 1192 Quodsi
245 1118 278 1182 in
302 1118 367 1182 ista
390 1118 559 1183 stellarum
582 1119 808 1203 dispositione,
838 1141 936 1203 quam
959 1120 1107 1204 exposui·

100 1228 185 1284 mus,
209 1204 302 1271 Luna
325 1224 462 1291 semper
475 1206 627 1272 Mercurii
650 1208 764 1272 stellae
788 1229 821 1272 aa
846 1209 1050 1273 coniunxerit
1073 1212 1106 1273 et

99 1317 173 1360 cum
202 1295 314 1360 eodem
341 1294 501 1360 collocata
530 1319 548 1359 a
578 1296 735 1361 benivolis
764 1296 867 1361 stellis
900 1298 951 1361 rel
982 1297 1021 1360 de
1048 1298 1106 1361 tri·

97 1404 184 1467 gono
217 1383 268 1448 vel
299 1385 338 1449 de
370 1405 515 1469 exagono
548 1383 674 1448 radiata
705 1383 817 1467 fuerit,
852 1385 892 1449 ad
924 1385 1000 1449 deos
1034 1405 1106 1449 eon·

98 1471 230 1557 fugiunt
266 1476 299 1536 et
331 1471 398 1537 illic
430 1474 606 1537 manebunt
639 1475 679 1538 ab
709 1468 790 1557 ipsis
823 1473 964 1536 remedia
995 1477 1106 1556 postu·

55 1588 82 1628 rs
99 1560 213 1624 lantes.
259 1560 382 1637 Quodsi
405 1559 497 1626 Luna
522 1583 556 1626 se
581 1559 734 1626 Mercurii
757 1561 870 1625 stellae
894 1560 1105 1639 coniunxerit,

98 1649 147 1713 sio
171 1646 244 1715 Sole
268 1653 302 1713 et
326 1648 468 1715 Saturno
491 1654 524 1713 et
547 1650 666 1732 Marte,
689 1648 773 1715 sicut
797 1650 949 1732 diximus,
977 1648 1105 1733 positis,

96 1737 245 1822 Iuppiter
271 1760 347 1803 vero
376 1742 410 1802 et
437 1736 548 1802 Venus
576 1738 611 1802 in
638 1739 759 1803 aversis
792 1742 826 1801 et
858 1738 991 1803 deiectis
1022 1738 1103 1803 locis

96 1825 220 1890 fuerint
242 1825 376 1909 inventi,
399 1827 529 1891 insanos
548 1826 709 1891 lunaticos
729 1827 954 1892 daemoniacos
978 1825 1103 1891 faciunt

97 1918 131 1978 et
154 1915 210 1998 qui
233 1936 272 1979 ex
295 1915 410 1998 (istis)
433 1914 522 1980 vitiis
550 1914 715 1999 perpetuis
744 1916 986 1980 calamitatibus
1010 1914 1104 1998 inpli-

52 2007 220 2086 nocentur,
243 2004 352 2068 itaut
375 2008 408 2067 et
431 2002 623 2067 biothanata
646 2008 750 2068 morte
774 2004 955 2088 depereant.

182 2092 222 2157 In
239 2113 326 2157 nono
345 2093 416 2157 loco
436 2090 492 2157 Sol
516 2092 556 2155 ab
579 2092 760 2175 horoscopo
784 2092 981 2157 constitutus
1004 2091 1103 2156 fabri·
1111 2092 1155 2158 33

95 2184 222 2246 catores
247 2180 380 2245 deorum
403 2179 483 2246 facit
505 2180 556 2245 vel
576 2179 715 2245 cultores
735 2179 898 2264 [deorum]
918 2180 1102 2245 divinorum

96 2269 343 2335 simulacrorum
370 2269 422 2335 rel
451 2274 617 2334 ornatores
645 2269 779 2334 deorum
811 2269 860 2333 vel
891 2268 1101 2334 fabricatores

95 2357 293 2442 templorum
312 2362 369 2422 aut
382 2357 598 2443 hymnologos
618 2362 651 2422 et
671 2358 727 2443 qui
745 2358 857 2422 laudes
876 2358 1009 2422 deorum
1029 2381 1103 2423 cum

52 2472 80 2512 25
96 2447 270 2512 iactantiae
290 2448 508 2512 ostentatione
528 2447 766 2530 decantentex
785 2447 903 2531 quibus
917 2448 1014 2512 rebus
1034 2448 1103 2533 glo·

95 2533 179 2599 riam
206 2539 240 2600 et
267 2536 406 2601 honores
434 2535 609 2601 habebunt.
654 2535 699 2600 nt
726 2535 807 2601 facit
834 2540 944 2600 autem
974 2536 1020 2601 sic
1045 2535 1101 2600 Sol

95 2624 222 2706 positus
246 2628 372 2707 patrem
396 2625 536 2707 felicem,
565 2624 620 2689 sed
649 2628 683 2688 et
705 2623 768 2708 ipsi
792 2629 825 2689 et
848 2624 935 2708 patri
957 2625 1025 2690 sius
1049 2647 1102 2689 va·

95 2712 162 2777 rias
184 2713 271 2777 vitae
295 2713 491 2778 mutationes
519 2712 779 2797 multiplicesque
807 2713 959 2778 decernit.
1005 2712 1049 2776 nt
1073 2712 1101 2777 si

95 2800 247 2866 benivola
269 2801 364 2866 stella
392 2802 438 2867 sie
463 2800 537 2866 Sole
560 2802 669 2884 posito
694 2801 729 2865 in
751 2801 885 2866 anafora
908 2799 978 2866 Mo.
1001 2801 1119 2865 fuerit*

52 2916 80 2955 ao
96 2889 236 2974 inventa,
259 2891 294 2955 in
312 2889 491 2975 peregrinis
510 2890 592 2955 locis
614 2889 784 2955 constituti
804 2894 979 2974 augmenta
1003 2889 1102 2953 felici-

96 2979 175 3042 tatis
195 2979 336 3043 maxima
354 2981 600 3065 consequentur.
633 2976 668 3042 Si
686 3000 761 3043 vero
785 2978 819 3041 in
838 2978 899 3042 hoc
918 2977 990 3042 loco
1010 2977 1101 3040 mali·

183 3175 199 3223 3
217 3171 280 3237 fort.
300 3170 383 3243 (sic)
402 3168 445 3223 his
536 3175 552 3222 6
571 3168 721 3238 compesci,
744 3185 811 3223 corr.
832 3165 868 3228 qu
886 3169 1054 3237 (compescet
1071 3169 1100 3237 v)

94 3240 274 3311 mitigata,
298 3260 365 3297 corr.
386 3241 422 3301 eb
455 3242 459 3310 Ι
493 3243 525 3295 ut
548 3239 623 3311 siat]
645 3242 694 3294 aut
727 3240 731 3308 Ι
765 3240 801 3293 ob
823 3238 972 3307 nefariam,
996 3255 1063 3293 corr.
1083 3258 1101 3292 ι

94 3311 278 3381 91ιιωίηυω,
311 3330 377 3368 corr.
406 3329 445 3366 aa
531 3315 562 3364 11
595 3309 661 3385 lune
687 3316 769 3363 KRV
861 3315 893 3363 17
922 3308 1044 3362 adversis
1068 3308 1098 3362 A‘

95 3388 128 3436 19
147 3384 211 3437 add.
230 3405 247 3438 a
326 3389 360 3438 20
379 3386 475 3437 stom.
494 3387 522 3434 1
602 3388 635 3435 22
654 3381 843 3451 sculptoresa
862 3381 895 3447 cf.
915 3380 1098 3454 ad132,1s{

93 3455 144 3508 del.
164 3472 181 3507 a
234 3460 268 3508 22
287 3462 350 3511 uate
367 3453 550 3507 fabricatores
568 3449 596 3521 fl
613 3458 641 3506 Ι
704 3458 737 3506 26
756 3451 792 3506 Et
814 3452 864 3506 del.
884 3449 913 3505 A'
969 3457 1003 3505 29
1022 3450 1100 3506 beni-

94 3524 157 3578 uole
181 3524 262 3599 stelle
280 3531 315 3578 1³·
385 3531 420 3579 30
439 3522 607 3580 constitutus
625 3521 695 3577 Ivb
714 3521 874 3577 constitutis
893 3528 930 3576 V·
