<?xml version="1.0" encoding="UTF-8"?>
<!DOCTYPE html PUBLIC "-//W3C//DTD XHTML 1.0 Transitional//EN"
    "http://www.w3.org/TR/xhtml1/DTD/xhtml1-transitional.dtd">
<html xmlns="http://www.w3.org/1999/xhtml" xml:lang="en" lang="en">
 <head>
  <title>
</title>
<meta http-equiv="Content-Type" content="text/html;charset=utf-8" />
  <meta name='ocr-system' content='tesseract 3.04.00' />
  <meta name='ocr-capabilities' content='ocr_page ocr_carea ocr_par ocr_line ocrx_word'/>
</head>
<body>
  <div class='ocr_page' id='page_1' title='image "./iuliifirmicimat00mategoog_0193.png"; bbox 0 0 2416 3840; ppageno 0'>
   <div class='ocr_carea' id='block_1_1' title="bbox 139 154 714 221">
    <p class='ocr_par' dir='ltr' id='par_1_1' title="bbox 139 154 714 221">
     <span class='ocr_line' id='line_1_1' title="bbox 139 154 714 221; baseline -0.023 0"><span class='ocrx_word' id='word_1_1' title='bbox 139 157 204 221; x_wconf 80' lang='grc'>176</span> <span class='ocrx_word' id='word_1_2' title='bbox 577 154 714 209; x_wconf 65' lang='lat' dir='ltr'>ananiel</span> 
     </span>
    </p>
   </div>
   <div class='ocr_carea' id='block_1_2' title="bbox 107 299 1191 3047">
    <p class='ocr_par' dir='ltr' id='par_1_2' title="bbox 139 299 1188 732">
     <span class='ocr_line' id='line_1_2' title="bbox 139 299 1150 386; baseline 0.001 -20"><span class='ocrx_word' id='word_1_3' title='bbox 139 303 187 368; x_wconf 88' lang='lat' dir='ltr'>sic</span> <span class='ocrx_word' id='word_1_4' title='bbox 215 301 336 366; x_wconf 89' lang='lat' dir='ltr'>fuerint</span> <span class='ocrx_word' id='word_1_5' title='bbox 362 301 500 383; x_wconf 86' lang='lat' dir='ltr'>inventi,</span> <span class='ocrx_word' id='word_1_6' title='bbox 529 299 650 366; x_wconf 86' lang='lat' dir='ltr'>facient</span> <span class='ocrx_word' id='word_1_7' title='bbox 678 300 781 365; x_wconf 87' lang='lat' dir='ltr'>malae</span> <span class='ocrx_word' id='word_1_8' title='bbox 804 301 938 386; x_wconf 88' lang='lat' dir='ltr'>mentis,</span> <span class='ocrx_word' id='word_1_9' title='bbox 964 302 1150 367; x_wconf 88' lang='lat' dir='ltr'>malitiosos</span> 
     </span>
     <span class='ocr_line' id='line_1_3' title="bbox 139 389 1152 474; baseline 0 -19"><span class='ocrx_word' id='word_1_10' title='bbox 139 393 296 455; x_wconf 89' lang='lat' dir='ltr'>obscuros</span> <span class='ocrx_word' id='word_1_11' title='bbox 320 389 463 471; x_wconf 89' lang='lat' dir='ltr'>timidos,</span> <span class='ocrx_word' id='word_1_12' title='bbox 486 390 548 474; x_wconf 86' lang='lat' dir='ltr'>†et</span> <span class='ocrx_word' id='word_1_13' title='bbox 572 389 764 454; x_wconf 87' lang='lat' dir='ltr'>audacest</span> <span class='ocrx_word' id='word_1_14' title='bbox 731 394 764 453; x_wconf 88' lang='lat' dir='ltr'>et</span> <span class='ocrx_word' id='word_1_15' title='bbox 787 390 843 474; x_wconf 89' lang='lat' dir='ltr'>qui</span> <span class='ocrx_word' id='word_1_16' title='bbox 866 391 900 454; x_wconf 92' lang='lat' dir='ltr'>in</span> <span class='ocrx_word' id='word_1_17' title='bbox 923 391 1076 454; x_wconf 90' lang='lat' dir='ltr'>omnibus</span> <span class='ocrx_word' id='word_1_18' title='bbox 1101 413 1152 456; x_wconf 86' lang='lat' dir='ltr'>ac</span> 
     </span>
     <span class='ocr_line' id='line_1_4' title="bbox 140 478 1151 565; baseline 0.002 -22.03"><span class='ocrx_word' id='word_1_19' title='bbox 140 480 229 544; x_wconf 90' lang='lat' dir='ltr'>tibus</span> <span class='ocrx_word' id='word_1_20' title='bbox 253 479 467 562; x_wconf 91' lang='lat' dir='ltr'>decipiantur,</span> <span class='ocrx_word' id='word_1_21' title='bbox 496 479 552 543; x_wconf 89' lang='lat' dir='ltr'>sed</span> <span class='ocrx_word' id='word_1_22' title='bbox 580 482 671 543; x_wconf 89' lang='lat' dir='ltr'>actus</span> <span class='ocrx_word' id='word_1_23' title='bbox 695 500 806 543; x_wconf 90' lang='lat' dir='ltr'>eorum</span> <span class='ocrx_word' id='word_1_24' title='bbox 829 478 909 542; x_wconf 88' lang='lat' dir='ltr'>facit</span> <span class='ocrx_word' id='word_1_25' title='bbox 895 479 1151 565; x_wconf 80' lang='lat' dir='ltr'>tmultiplices3</span> 
     </span>
     <span class='ocr_line' id='line_1_5' title="bbox 141 567 1151 669; baseline 0.001 -37"><span class='ocrx_word' id='word_1_26' title='bbox 141 572 237 632; x_wconf 88' lang='lat' dir='ltr'>erunt</span> <span class='ocrx_word' id='word_1_27' title='bbox 260 569 345 632; x_wconf 91' lang='lat' dir='ltr'>enim</span> <span class='ocrx_word' id='word_1_28' title='bbox 370 572 427 631; x_wconf 89' lang='lat' dir='ltr'>aut</span> <span class='ocrx_word' id='word_1_29' title='bbox 448 567 614 669; x_wconf 84' lang='lat' dir='ltr'>publicani</span> <span class='ocrx_word' id='word_1_30' title='bbox 633 571 689 631; x_wconf 91' lang='lat' dir='ltr'>aut</span> <span class='ocrx_word' id='word_1_31' title='bbox 706 567 922 653; x_wconf 78' lang='lat' dir='ltr'>vectigaliarii</span> <span class='ocrx_word' id='word_1_32' title='bbox 943 572 1000 632; x_wconf 88' lang='lat' dir='ltr'>aut</span> <span class='ocrx_word' id='word_1_33' title='bbox 1019 569 1151 633; x_wconf 92' lang='lat' dir='ltr'>curiosi</span> 
     </span>
     <span class='ocr_line' id='line_1_6' title="bbox 140 655 1188 732; baseline 0 -11"><span class='ocrx_word' id='word_1_34' title='bbox 140 655 304 732; x_wconf 78' lang='lat' dir='ltr'>Quosdam</span> <span class='ocrx_word' id='word_1_35' title='bbox 328 657 467 720; x_wconf 88' lang='lat' dir='ltr'>mente</span> <span class='ocrx_word' id='word_1_36' title='bbox 458 677 590 721; x_wconf 91' lang='lat' dir='ltr'>msanos</span> <span class='ocrx_word' id='word_1_37' title='bbox 614 660 672 720; x_wconf 88' lang='lat' dir='ltr'>aut</span> <span class='ocrx_word' id='word_1_38' title='bbox 694 655 868 721; x_wconf 80' lang='lat' dir='ltr'><strong>freneticos</strong></span> <span class='ocrx_word' id='word_1_39' title='bbox 891 656 978 721; x_wconf 88' lang='lat' dir='ltr'>facit</span> <span class='ocrx_word' id='word_1_40' title='bbox 1177 682 1188 721; x_wconf 75' lang='lat' dir='ltr'>a</span> 
     </span>
    </p>

    <p class='ocr_par' dir='ltr' id='par_1_3' title="bbox 107 744 1188 1363">
     <span class='ocr_line' id='line_1_7' title="bbox 107 744 1151 828; baseline -0.004 -14"><span class='ocrx_word' id='word_1_41' title='bbox 107 751 132 814; x_wconf 82' lang='lat'>4</span> <span class='ocrx_word' id='word_1_42' title='bbox 229 745 269 809; x_wconf 94' lang='lat' dir='ltr'>In</span> <span class='ocrx_word' id='word_1_43' title='bbox 296 747 395 810; x_wconf 88' lang='lat' dir='ltr'>tertio</span> <span class='ocrx_word' id='word_1_44' title='bbox 424 746 464 809; x_wconf 91' lang='lat' dir='ltr'>ab</span> <span class='ocrx_word' id='word_1_45' title='bbox 486 744 671 828; x_wconf 89' lang='lat' dir='ltr'>horoscopo</span> <span class='ocrx_word' id='word_1_46' title='bbox 698 745 770 810; x_wconf 92' lang='lat' dir='ltr'>loco</span> <span class='ocrx_word' id='word_1_47' title='bbox 794 744 974 809; x_wconf 90' lang='lat' dir='ltr'>Mercurius</span> <span class='ocrx_word' id='word_1_48' title='bbox 1003 748 1037 809; x_wconf 90' lang='lat' dir='ltr'>et</span> <span class='ocrx_word' id='word_1_49' title='bbox 1060 744 1151 810; x_wconf 87' lang='lat' dir='ltr'>Mars</span> 
     </span>
     <span class='ocr_line' id='line_1_8' title="bbox 140 833 1150 918; baseline 0.001 -21"><span class='ocrx_word' id='word_1_50' title='bbox 140 835 264 918; x_wconf 86' lang='lat' dir='ltr'>pariter</span> <span class='ocrx_word' id='word_1_51' title='bbox 286 834 458 899; x_wconf 88' lang='lat' dir='ltr'>constituti</span> <span class='ocrx_word' id='word_1_52' title='bbox 477 833 598 899; x_wconf 87' lang='lat' dir='ltr'>facient</span> <span class='ocrx_word' id='word_1_53' title='bbox 617 837 674 898; x_wconf 90' lang='lat' dir='ltr'>aut</span> <span class='ocrx_word' id='word_1_54' title='bbox 693 856 732 898; x_wconf 84' lang='lat' dir='ltr'>ex</span> <span class='ocrx_word' id='word_1_55' title='bbox 749 833 864 918; x_wconf 82' lang='lat' dir='ltr'>ignitis</span> <span class='ocrx_word' id='word_1_56' title='bbox 884 839 941 898; x_wconf 84' lang='lat' dir='ltr'>aut</span> <span class='ocrx_word' id='word_1_57' title='bbox 959 856 999 899; x_wconf 87' lang='lat' dir='ltr'>cx</span> <span class='ocrx_word' id='word_1_58' title='bbox 1016 833 1150 900; x_wconf 87' lang='lat' dir='ltr'>ferratis</span> 
     </span>
     <span class='ocr_line' id='line_1_9' title="bbox 141 922 1152 1007; baseline 0.002 -21"><span class='ocrx_word' id='word_1_59' title='bbox 141 923 268 987; x_wconf 88' lang='lat' dir='ltr'>actibus</span> <span class='ocrx_word' id='word_1_60' title='bbox 292 924 378 987; x_wconf 81' lang='lat' dir='ltr'>ritae</span> <span class='ocrx_word' id='word_1_61' title='bbox 400 922 521 987; x_wconf 90' lang='lat' dir='ltr'>habere</span> <span class='ocrx_word' id='word_1_62' title='bbox 546 923 776 1006; x_wconf 84' lang='lat' dir='ltr'>substantiam3</span> <span class='ocrx_word' id='word_1_63' title='bbox 806 926 902 987; x_wconf 90' lang='lat' dir='ltr'>erunt</span> <span class='ocrx_word' id='word_1_64' title='bbox 925 926 1035 987; x_wconf 89' lang='lat' dir='ltr'>autem</span> <span class='ocrx_word' id='word_1_65' title='bbox 1057 923 1152 1007; x_wconf 80' lang='lat' dir='ltr'>tales,</span> 
     </span>
     <span class='ocr_line' id='line_1_10' title="bbox 140 1010 1152 1095; baseline 0.001 -20"><span class='ocrx_word' id='word_1_66' title='bbox 140 1016 178 1075; x_wconf 91' lang='lat' dir='ltr'>ut</span> <span class='ocrx_word' id='word_1_67' title='bbox 200 1011 311 1074; x_wconf 83' lang='lat' dir='ltr'>futura</span> <span class='ocrx_word' id='word_1_68' title='bbox 332 1010 538 1094; x_wconf 88' lang='lat' dir='ltr'>praediscant</span> <span class='ocrx_word' id='word_1_69' title='bbox 565 1015 598 1075; x_wconf 91' lang='lat' dir='ltr'>et</span> <span class='ocrx_word' id='word_1_70' title='bbox 622 1011 677 1095; x_wconf 91' lang='lat' dir='ltr'>qui</span> <span class='ocrx_word' id='word_1_71' title='bbox 705 1033 832 1095; x_wconf 83' lang='lat' dir='ltr'>semper</span> <span class='ocrx_word' id='word_1_72' title='bbox 859 1015 1093 1076; x_wconf 72' lang='lat' dir='ltr'>conversentur</span> <span class='ocrx_word' id='word_1_73' title='bbox 1117 1013 1152 1076; x_wconf 93' lang='lat' dir='ltr'>in</span> 
     </span>
     <span class='ocr_line' id='line_1_11' title="bbox 141 1097 1188 1185; baseline 0.001 -22"><span class='ocrx_word' id='word_1_74' title='bbox 141 1099 288 1185; x_wconf 81' lang='lat' dir='ltr'>templis3</span> <span class='ocrx_word' id='word_1_75' title='bbox 307 1100 361 1163; x_wconf 89' lang='lat' dir='ltr'>sed</span> <span class='ocrx_word' id='word_1_76' title='bbox 377 1100 537 1183; x_wconf 90' lang='lat' dir='ltr'>omnibus,</span> <span class='ocrx_word' id='word_1_77' title='bbox 556 1097 612 1182; x_wconf 89' lang='lat' dir='ltr'>qui</span> <span class='ocrx_word' id='word_1_78' title='bbox 628 1101 845 1184; x_wconf 73' lang='lat' dir='ltr'>negotiantur,</span> <span class='ocrx_word' id='word_1_79' title='bbox 864 1099 1035 1184; x_wconf 78' lang='lat' dir='ltr'>terribiles,</span> <span class='ocrx_word' id='word_1_80' title='bbox 1050 1101 1152 1166; x_wconf 86' lang='lat' dir='ltr'>etiam</span> <span class='ocrx_word' id='word_1_81' title='bbox 1165 1126 1188 1164; x_wconf 77' lang='grc' dir='ltr'>ιο</span> 
     </span>
     <span class='ocr_line' id='line_1_12' title="bbox 142 1186 1151 1274; baseline 0.003 -23"><span class='ocrx_word' id='word_1_82' title='bbox 142 1188 171 1252; x_wconf 92' lang='lat' dir='ltr'>si</span> <span class='ocrx_word' id='word_1_83' title='bbox 193 1186 275 1251; x_wconf 90' lang='lat' dir='ltr'>nihil</span> <span class='ocrx_word' id='word_1_84' title='bbox 303 1188 409 1252; x_wconf 90' lang='lat' dir='ltr'>sciant</span> <span class='ocrx_word' id='word_1_85' title='bbox 436 1189 488 1252; x_wconf 90' lang='lat' dir='ltr'>vel</span> <span class='ocrx_word' id='word_1_86' title='bbox 515 1189 543 1252; x_wconf 92' lang='lat' dir='ltr'>si</span> <span class='ocrx_word' id='word_1_87' title='bbox 569 1186 654 1252; x_wconf 89' lang='lat' dir='ltr'>nihil</span> <span class='ocrx_word' id='word_1_88' title='bbox 677 1192 791 1273; x_wconf 83' lang='lat' dir='ltr'>agant,</span> <span class='ocrx_word' id='word_1_89' title='bbox 826 1189 985 1272; x_wconf 82' lang='lat' dir='ltr'>existunt,</span> <span class='ocrx_word' id='word_1_90' title='bbox 1013 1189 1070 1253; x_wconf 91' lang='lat' dir='ltr'>sed</span> <span class='ocrx_word' id='word_1_91' title='bbox 1094 1189 1151 1274; x_wconf 91' lang='lat' dir='ltr'>qui</span> 
     </span>
     <span class='ocr_line' id='line_1_13' title="bbox 141 1275 1044 1363; baseline 0.002 -23"><span class='ocrx_word' id='word_1_92' title='bbox 141 1297 296 1361; x_wconf 88' lang='lat' dir='ltr'>processu</span> <span class='ocrx_word' id='word_1_93' title='bbox 319 1277 475 1361; x_wconf 89' lang='lat' dir='ltr'>temporis</span> <span class='ocrx_word' id='word_1_94' title='bbox 498 1276 641 1341; x_wconf 81' lang='lat' dir='ltr'>habeant</span> <span class='ocrx_word' id='word_1_95' title='bbox 663 1275 833 1342; x_wconf 81' lang='lat' dir='ltr'>felicitatis</span> <span class='ocrx_word' id='word_1_96' title='bbox 861 1282 1044 1363; x_wconf 84' lang='lat' dir='ltr'>augmenta.</span> 
     </span>
    </p>

    <p class='ocr_par' dir='ltr' id='par_1_4' title="bbox 109 1364 1191 3047">
     <span class='ocr_line' id='line_1_14' title="bbox 109 1364 1152 1450; baseline -0.002 -16"><span class='ocrx_word' id='word_1_97' title='bbox 109 1369 131 1434; x_wconf 85' lang='lat'>5</span> <span class='ocrx_word' id='word_1_98' title='bbox 229 1364 269 1428; x_wconf 93' lang='lat' dir='ltr'>In</span> <span class='ocrx_word' id='word_1_99' title='bbox 288 1369 404 1450; x_wconf 89' lang='lat' dir='ltr'>quarto</span> <span class='ocrx_word' id='word_1_100' title='bbox 423 1366 495 1430; x_wconf 88' lang='lat' dir='ltr'>loco</span> <span class='ocrx_word' id='word_1_101' title='bbox 515 1367 577 1448; x_wconf 87' lang='lat' dir='ltr'>&lt;ab</span> <span class='ocrx_word' id='word_1_102' title='bbox 596 1365 800 1450; x_wconf 87' lang='lat' dir='ltr'>horoscopo&gt;</span> <span class='ocrx_word' id='word_1_103' title='bbox 817 1365 903 1431; x_wconf 90' lang='lat' dir='ltr'>idest</span> <span class='ocrx_word' id='word_1_104' title='bbox 916 1368 951 1431; x_wconf 93' lang='lat' dir='ltr'>in</span> <span class='ocrx_word' id='word_1_105' title='bbox 964 1365 1051 1432; x_wconf 78' lang='grc' dir='ltr'><strong>ΙΜΟ.</strong></span> <span class='ocrx_word' id='word_1_106' title='bbox 1066 1366 1152 1432; x_wconf 88' lang='lat' dir='ltr'>Mer-</span> 
     </span>
     <span class='ocr_line' id='line_1_15' title="bbox 142 1453 1152 1540; baseline 0.002 -22"><span class='ocrx_word' id='word_1_107' title='bbox 142 1453 249 1518; x_wconf 89' lang='lat' dir='ltr'>curius</span> <span class='ocrx_word' id='word_1_108' title='bbox 273 1477 344 1519; x_wconf 90' lang='lat' dir='ltr'>cum</span> <span class='ocrx_word' id='word_1_109' title='bbox 366 1454 473 1519; x_wconf 89' lang='lat' dir='ltr'>Marte</span> <span class='ocrx_word' id='word_1_110' title='bbox 496 1455 619 1538; x_wconf 89' lang='lat' dir='ltr'>pariter</span> <span class='ocrx_word' id='word_1_111' title='bbox 642 1454 841 1520; x_wconf 84' lang='lat' dir='ltr'>constitutus</span> <span class='ocrx_word' id='word_1_112' title='bbox 864 1456 986 1540; x_wconf 84' lang='lat' dir='ltr'>pigros,</span> <span class='ocrx_word' id='word_1_113' title='bbox 1009 1455 1152 1521; x_wconf 85' lang='lat' dir='ltr'>humiles</span> 
     </span>
     <span class='ocr_line' id='line_1_16' title="bbox 141 1542 1188 1628; baseline 0.001 -21"><span class='ocrx_word' id='word_1_114' title='bbox 141 1542 176 1607; x_wconf 94' lang='lat' dir='ltr'>in</span> <span class='ocrx_word' id='word_1_115' title='bbox 199 1542 349 1608; x_wconf 89' lang='lat' dir='ltr'>omnibus</span> <span class='ocrx_word' id='word_1_116' title='bbox 372 1544 499 1608; x_wconf 90' lang='lat' dir='ltr'>actibus</span> <span class='ocrx_word' id='word_1_117' title='bbox 524 1548 556 1608; x_wconf 83' lang='lat' dir='ltr'>et</span> <span class='ocrx_word' id='word_1_118' title='bbox 578 1543 613 1608; x_wconf 91' lang='lat' dir='ltr'>in</span> <span class='ocrx_word' id='word_1_119' title='bbox 632 1542 720 1608; x_wconf 92' lang='lat' dir='ltr'>omni</span> <span class='ocrx_word' id='word_1_120' title='bbox 738 1544 871 1609; x_wconf 89' lang='lat' dir='ltr'>fortuna</span> <span class='ocrx_word' id='word_1_121' title='bbox 889 1543 1001 1628; x_wconf 87' lang='lat' dir='ltr'>faciet;</span> <span class='ocrx_word' id='word_1_122' title='bbox 1024 1549 1058 1608; x_wconf 87' lang='lat' dir='ltr'>et</span> <span class='ocrx_word' id='word_1_123' title='bbox 1077 1567 1151 1610; x_wconf 89' lang='lat' dir='ltr'>cum</span> <span class='ocrx_word' id='word_1_124' title='bbox 1165 1569 1188 1608; x_wconf 84' lang='lat'>15</span> 
     </span>
     <span class='ocr_line' id='line_1_17' title="bbox 141 1632 1153 1715; baseline 0.003 -20"><span class='ocrx_word' id='word_1_125' title='bbox 141 1632 331 1715; x_wconf 89' lang='lat' dir='ltr'>parentibus</span> <span class='ocrx_word' id='word_1_126' title='bbox 359 1633 410 1697; x_wconf 84' lang='lat' dir='ltr'>rel</span> <span class='ocrx_word' id='word_1_127' title='bbox 439 1655 513 1697; x_wconf 92' lang='lat' dir='ltr'>cum</span> <span class='ocrx_word' id='word_1_128' title='bbox 540 1633 699 1697; x_wconf 87' lang='lat' dir='ltr'>adfinibus</span> <span class='ocrx_word' id='word_1_129' title='bbox 728 1633 860 1699; x_wconf 85' lang='lat' dir='ltr'>adsidue</span> <span class='ocrx_word' id='word_1_130' title='bbox 887 1633 1083 1698; x_wconf 85' lang='lat' dir='ltr'>exercebunt</span> <span class='ocrx_word' id='word_1_131' title='bbox 1106 1634 1153 1698; x_wconf 90' lang='lat' dir='ltr'>in·</span> 
     </span>
     <span class='ocr_line' id='line_1_18' title="bbox 140 1719 1153 1805; baseline 0.004 -22"><span class='ocrx_word' id='word_1_132' title='bbox 140 1719 308 1803; x_wconf 90' lang='lat' dir='ltr'>imicitias,</span> <span class='ocrx_word' id='word_1_133' title='bbox 335 1726 372 1784; x_wconf 83' lang='lat' dir='ltr'>nt</span> <span class='ocrx_word' id='word_1_134' title='bbox 402 1743 460 1805; x_wconf 90' lang='lat' dir='ltr'>per</span> <span class='ocrx_word' id='word_1_135' title='bbox 482 1720 572 1804; x_wconf 91' lang='lat' dir='ltr'>ipsos</span> <span class='ocrx_word' id='word_1_136' title='bbox 599 1721 788 1805; x_wconf 87' lang='lat' dir='ltr'>parentibus</span> <span class='ocrx_word' id='word_1_137' title='bbox 816 1722 867 1786; x_wconf 89' lang='lat' dir='ltr'>vel</span> <span class='ocrx_word' id='word_1_138' title='bbox 895 1720 1057 1787; x_wconf 89' lang='lat' dir='ltr'>adfinibus</span> <span class='ocrx_word' id='word_1_139' title='bbox 1086 1745 1153 1787; x_wconf 86' lang='lat' dir='ltr'>ma-</span> 
     </span>
     <span class='ocr_line' id='line_1_19' title="bbox 141 1809 1152 1894; baseline 0.003 -22"><span class='ocrx_word' id='word_1_140' title='bbox 141 1810 248 1873; x_wconf 86' lang='lat' dir='ltr'>ximae</span> <span class='ocrx_word' id='word_1_141' title='bbox 271 1831 398 1894; x_wconf 87' lang='lat' dir='ltr'>semper</span> <span class='ocrx_word' id='word_1_142' title='bbox 424 1810 606 1874; x_wconf 86' lang='lat' dir='ltr'>inferantur</span> <span class='ocrx_word' id='word_1_143' title='bbox 632 1809 777 1875; x_wconf 86' lang='lat' dir='ltr'>insidiae.</span> <span class='ocrx_word' id='word_1_144' title='bbox 822 1811 929 1875; x_wconf 86' lang='lat' dir='ltr'>Erunt</span> <span class='ocrx_word' id='word_1_145' title='bbox 952 1811 1053 1875; x_wconf 82' lang='lat' dir='ltr'>etiam</span> <span class='ocrx_word' id='word_1_146' title='bbox 1073 1811 1152 1876; x_wconf 88' lang='lat' dir='ltr'>fide-</span> 
     </span>
     <span class='ocr_line' id='line_1_20' title="bbox 142 1898 1152 1984; baseline 0.002 -22"><span class='ocrx_word' id='word_1_147' title='bbox 142 1898 284 1963; x_wconf 89' lang='lat' dir='ltr'>iussores</span> <span class='ocrx_word' id='word_1_148' title='bbox 308 1902 341 1963; x_wconf 88' lang='lat' dir='ltr'>et</span> <span class='ocrx_word' id='word_1_149' title='bbox 362 1921 402 1963; x_wconf 84' lang='lat' dir='ltr'>ex</span> <span class='ocrx_word' id='word_1_150' title='bbox 419 1899 480 1963; x_wconf 89' lang='lat' dir='ltr'>hac</span> <span class='ocrx_word' id='word_1_151' title='bbox 499 1921 533 1963; x_wconf 91' lang='lat' dir='ltr'>re</span> <span class='ocrx_word' id='word_1_152' title='bbox 552 1899 702 1964; x_wconf 83' lang='lat' dir='ltr'>maximis</span> <span class='ocrx_word' id='word_1_153' title='bbox 720 1900 872 1983; x_wconf 88' lang='lat' dir='ltr'>periculis</span> <span class='ocrx_word' id='word_1_154' title='bbox 891 1905 1152 1984; x_wconf 87' lang='lat' dir='ltr'>conquassantur</span> 
     </span>
     <span class='ocr_line' id='line_1_21' title="bbox 141 1986 1190 2073; baseline 0.004 -23"><span class='ocrx_word' id='word_1_155' title='bbox 141 1991 176 2051; x_wconf 88' lang='lat' dir='ltr'>et</span> <span class='ocrx_word' id='word_1_156' title='bbox 206 1987 246 2051; x_wconf 90' lang='lat' dir='ltr'>ad</span> <span class='ocrx_word' id='word_1_157' title='bbox 275 1986 496 2052; x_wconf 90' lang='lat' dir='ltr'>humilitatem</span> <span class='ocrx_word' id='word_1_158' title='bbox 525 1992 815 2073; x_wconf 82' lang='lat' dir='ltr'>paupertatemque</span> <span class='ocrx_word' id='word_1_159' title='bbox 845 1989 1032 2072; x_wconf 80' lang='lat' dir='ltr'>deveniunt3</span> <span class='ocrx_word' id='word_1_160' title='bbox 1064 1988 1152 2073; x_wconf 92' lang='lat' dir='ltr'>quod</span> <span class='ocrx_word' id='word_1_161' title='bbox 1165 2014 1190 2053; x_wconf 78' lang='lat' dir='ltr'>ro</span> 
     </span>
     <span class='ocr_line' id='line_1_22' title="bbox 142 2075 1151 2162; baseline 0.003 -23"><span class='ocrx_word' id='word_1_162' title='bbox 142 2099 217 2140; x_wconf 89' lang='lat' dir='ltr'>cum</span> <span class='ocrx_word' id='word_1_163' title='bbox 246 2075 313 2140; x_wconf 88' lang='lat' dir='ltr'>illis</span> <span class='ocrx_word' id='word_1_164' title='bbox 346 2076 536 2162; x_wconf 81' lang='lat' dir='ltr'>contigerit,</span> <span class='ocrx_word' id='word_1_165' title='bbox 567 2076 768 2142; x_wconf 91' lang='lat' dir='ltr'>inlicitarum</span> <span class='ocrx_word' id='word_1_166' title='bbox 799 2078 999 2161; x_wconf 89' lang='lat' dir='ltr'>quarundam</span> <span class='ocrx_word' id='word_1_167' title='bbox 1030 2076 1151 2143; x_wconf 89' lang='lat' dir='ltr'>artium</span> 
     </span>
     <span class='ocr_line' id='line_1_23' title="bbox 143 2165 1153 2267; baseline 0.004 -39"><span class='ocrx_word' id='word_1_168' title='bbox 143 2169 293 2229; x_wconf 84' lang='lat' dir='ltr'>auctores</span> <span class='ocrx_word' id='word_1_169' title='bbox 317 2169 413 2229; x_wconf 88' lang='lat' dir='ltr'>erunt</span> <span class='ocrx_word' id='word_1_170' title='bbox 440 2165 491 2230; x_wconf 89' lang='lat' dir='ltr'>vel</span> <span class='ocrx_word' id='word_1_171' title='bbox 515 2171 712 2267; x_wconf 80' lang='lat' dir='ltr'>sequestres,</span> <span class='ocrx_word' id='word_1_172' title='bbox 738 2167 790 2231; x_wconf 79' lang='lat' dir='ltr'>vel</span> <span class='ocrx_word' id='word_1_173' title='bbox 814 2167 935 2233; x_wconf 91' lang='lat' dir='ltr'>conscii</span> <span class='ocrx_word' id='word_1_174' title='bbox 958 2167 992 2232; x_wconf 89' lang='lat' dir='ltr'>in</span> <span class='ocrx_word' id='word_1_175' title='bbox 1020 2167 1153 2251; x_wconf 89' lang='lat' dir='ltr'>quibus·</span> 
     </span>
     <span class='ocr_line' id='line_1_24' title="bbox 143 2252 1153 2341; baseline 0.004 -25"><span class='ocrx_word' id='word_1_176' title='bbox 143 2252 218 2316; x_wconf 90' lang='lat' dir='ltr'>dam</span> <span class='ocrx_word' id='word_1_177' title='bbox 242 2253 465 2337; x_wconf 88' lang='lat' dir='ltr'>comprehensi</span> <span class='ocrx_word' id='word_1_178' title='bbox 489 2253 638 2318; x_wconf 85' lang='lat' dir='ltr'>maximis</span> <span class='ocrx_word' id='word_1_179' title='bbox 662 2253 879 2338; x_wconf 87' lang='lat' dir='ltr'>periculorum</span> <span class='ocrx_word' id='word_1_180' title='bbox 902 2255 1027 2340; x_wconf 87' lang='lat' dir='ltr'>laqueis</span> <span class='ocrx_word' id='word_1_181' title='bbox 1046 2255 1153 2341; x_wconf 88' lang='lat' dir='ltr'>impli-</span> 
     </span>
     <span class='ocr_line' id='line_1_25' title="bbox 143 2342 1153 2428; baseline 0.005 -25"><span class='ocrx_word' id='word_1_182' title='bbox 143 2345 269 2426; x_wconf 87' lang='lat' dir='ltr'>cantur,</span> <span class='ocrx_word' id='word_1_183' title='bbox 282 2346 320 2405; x_wconf 87' lang='lat' dir='ltr'>nt</span> <span class='ocrx_word' id='word_1_184' title='bbox 335 2342 551 2407; x_wconf 83' lang='lat' dir='ltr'>damnationis</span> <span class='ocrx_word' id='word_1_185' title='bbox 566 2343 844 2409; x_wconf 86' lang='lat' dir='ltr'>animadversione</span> <span class='ocrx_word' id='word_1_186' title='bbox 858 2345 1053 2428; x_wconf 87' lang='lat' dir='ltr'>plectantur.</span> <span class='ocrx_word' id='word_1_187' title='bbox 1084 2344 1153 2411; x_wconf 85' lang='lat' dir='ltr'>Alii</span> 
     </span>
     <span class='ocr_line' id='line_1_26' title="bbox 143 2427 1191 2519; baseline 0.006 -28"><span class='ocrx_word' id='word_1_188' title='bbox 143 2427 179 2491; x_wconf 91' lang='lat' dir='ltr'>in</span> <span class='ocrx_word' id='word_1_189' title='bbox 191 2428 244 2492; x_wconf 91' lang='lat' dir='ltr'>his</span> <span class='ocrx_word' id='word_1_190' title='bbox 260 2430 412 2494; x_wconf 87' lang='lat' dir='ltr'>calamit</span> <span class='ocrx_word' id='word_1_191' title='bbox 377 2432 502 2495; x_wconf 88' lang='lat' dir='ltr'>ttibns</span> <span class='ocrx_word' id='word_1_192' title='bbox 521 2431 692 2495; x_wconf 89' lang='lat' dir='ltr'>constituti</span> <span class='ocrx_word' id='word_1_193' title='bbox 706 2454 844 2518; x_wconf 84' lang='lat' dir='ltr'>magnae</span> <span class='ocrx_word' id='word_1_194' title='bbox 863 2454 900 2497; x_wconf 88' lang='lat' dir='ltr'>ac</span> <span class='ocrx_word' id='word_1_195' title='bbox 915 2432 1033 2518; x_wconf 84' lang='lat' dir='ltr'>longae</span> <span class='ocrx_word' id='word_1_196' title='bbox 1049 2434 1150 2519; x_wconf 79' lang='lat' dir='ltr'>aegri</span> <span class='ocrx_word' id='word_1_197' title='bbox 1167 2458 1191 2497; x_wconf 78' lang='lat'>2⁵</span> 
     </span>
     <span class='ocr_line' id='line_1_27' title="bbox 142 2516 1152 2605; baseline 0.007 -25"><span class='ocrx_word' id='word_1_198' title='bbox 142 2516 266 2581; x_wconf 86' lang='lat' dir='ltr'>tudinis</span> <span class='ocrx_word' id='word_1_199' title='bbox 290 2518 530 2583; x_wconf 88' lang='lat' dir='ltr'>incursionibus</span> <span class='ocrx_word' id='word_1_200' title='bbox 555 2520 795 2604; x_wconf 88' lang='lat' dir='ltr'>opprimuntur,</span> <span class='ocrx_word' id='word_1_201' title='bbox 822 2523 1015 2605; x_wconf 88' lang='lat' dir='ltr'>praesertim</span> <span class='ocrx_word' id='word_1_202' title='bbox 1039 2522 1068 2586; x_wconf 90' lang='lat' dir='ltr'>si</span> <span class='ocrx_word' id='word_1_203' title='bbox 1090 2520 1152 2587; x_wconf 87' lang='lat' dir='ltr'>Lu-</span> 
     </span>
     <span class='ocr_line' id='line_1_28' title="bbox 141 2606 1152 2693; baseline 0.007 -23"><span class='ocrx_word' id='word_1_204' title='bbox 141 2627 220 2670; x_wconf 91' lang='lat' dir='ltr'>nam</span> <span class='ocrx_word' id='word_1_205' title='bbox 243 2607 289 2671; x_wconf 90' lang='lat' dir='ltr'>sic</span> <span class='ocrx_word' id='word_1_206' title='bbox 311 2606 411 2691; x_wconf 81' lang='lat' dir='ltr'>positi</span> <span class='ocrx_word' id='word_1_207' title='bbox 386 2608 474 2671; x_wconf 88' lang='lat' dir='ltr'>tide</span> <span class='ocrx_word' id='word_1_208' title='bbox 498 2607 620 2672; x_wconf 88' lang='lat' dir='ltr'>diamet</span> <span class='ocrx_word' id='word_1_209' title='bbox 606 2612 658 2672; x_wconf 88' lang='lat' dir='ltr'>tro</span> <span class='ocrx_word' id='word_1_210' title='bbox 683 2613 738 2673; x_wconf 90' lang='lat' dir='ltr'>aut</span> <span class='ocrx_word' id='word_1_211' title='bbox 762 2610 800 2674; x_wconf 90' lang='lat' dir='ltr'>de</span> <span class='ocrx_word' id='word_1_212' title='bbox 825 2611 983 2693; x_wconf 86' lang='lat' dir='ltr'>quadrato</span> <span class='ocrx_word' id='word_1_213' title='bbox 1002 2610 1152 2677; x_wconf 84' lang='lat' dir='ltr'>viderint</span> 
     </span>
     <span class='ocr_line' id='line_1_29' title="bbox 144 2693 1153 2781; baseline 0.007 -23"><span class='ocrx_word' id='word_1_214' title='bbox 144 2693 219 2759; x_wconf 82' lang='lat' dir='ltr'>Si</span> <span class='ocrx_word' id='word_1_215' title='bbox 209 2717 244 2758; x_wconf 91' lang='lat' dir='ltr'>m</span> <span class='ocrx_word' id='word_1_216' title='bbox 276 2701 393 2779; x_wconf 89' lang='lat' dir='ltr'>quarto</span> <span class='ocrx_word' id='word_1_217' title='bbox 426 2696 594 2781; x_wconf 81' lang='lat' dir='ltr'>geniturae</span> <span class='ocrx_word' id='word_1_218' title='bbox 625 2698 697 2763; x_wconf 95' lang='lat' dir='ltr'>loco</span> <span class='ocrx_word' id='word_1_219' title='bbox 725 2697 905 2764; x_wconf 85' lang='lat' dir='ltr'>Mercurius</span> <span class='ocrx_word' id='word_1_220' title='bbox 938 2703 971 2763; x_wconf 90' lang='lat' dir='ltr'>et</span> <span class='ocrx_word' id='word_1_221' title='bbox 998 2698 1087 2765; x_wconf 85' lang='lat' dir='ltr'>Mars</span> <span class='ocrx_word' id='word_1_222' title='bbox 1119 2705 1153 2765; x_wconf 87' lang='lat' dir='ltr'>et</span> 
     </span>
     <span class='ocr_line' id='line_1_30' title="bbox 142 2783 1152 2872; baseline 0.007 -25"><span class='ocrx_word' id='word_1_223' title='bbox 142 2783 235 2848; x_wconf 89' lang='lat' dir='ltr'>Luna</span> <span class='ocrx_word' id='word_1_224' title='bbox 266 2807 324 2868; x_wconf 88' lang='lat' dir='ltr'>per</span> <span class='ocrx_word' id='word_1_225' title='bbox 352 2791 482 2850; x_wconf 88' lang='lat' dir='ltr'>noctem</span> <span class='ocrx_word' id='word_1_226' title='bbox 511 2785 610 2851; x_wconf 88' lang='lat' dir='ltr'>fuerit</span> <span class='ocrx_word' id='word_1_227' title='bbox 642 2787 787 2871; x_wconf 81' lang='lat' dir='ltr'>inventa,</span> <span class='ocrx_word' id='word_1_228' title='bbox 818 2787 917 2852; x_wconf 85' lang='lat' dir='ltr'>faciet</span> <span class='ocrx_word' id='word_1_229' title='bbox 946 2787 1152 2872; x_wconf 88' lang='lat' dir='ltr'>praepositos</span> 
     </span>
     <span class='ocr_line' id='line_1_31' title="bbox 141 2873 1191 2960; baseline 0.007 -24"><span class='ocrx_word' id='word_1_230' title='bbox 141 2873 293 2938; x_wconf 88' lang='lat' dir='ltr'>tribunos</span> <span class='ocrx_word' id='word_1_231' title='bbox 320 2874 416 2939; x_wconf 89' lang='lat' dir='ltr'>duces</span> <span class='ocrx_word' id='word_1_232' title='bbox 443 2880 593 2958; x_wconf 87' lang='lat' dir='ltr'>potentes</span> <span class='ocrx_word' id='word_1_233' title='bbox 622 2875 914 2960; x_wconf 88' lang='lat' dir='ltr'>administratores,</span> <span class='ocrx_word' id='word_1_234' title='bbox 942 2877 997 2941; x_wconf 89' lang='lat' dir='ltr'>sed</span> <span class='ocrx_word' id='word_1_235' title='bbox 1024 2877 1191 2943; x_wconf 82' lang='lat' dir='ltr'>biotha·so</span> 
     </span>
     <span class='ocr_line' id='line_1_32' title="bbox 141 2966 552 3047; baseline 0.007 -21"><span class='ocrx_word' id='word_1_236' title='bbox 141 2967 220 3027; x_wconf 88' lang='lat' dir='ltr'>nata</span> <span class='ocrx_word' id='word_1_237' title='bbox 244 2966 348 3027; x_wconf 90' lang='lat' dir='ltr'>morte</span> <span class='ocrx_word' id='word_1_238' title='bbox 371 2969 552 3047; x_wconf 87' lang='lat' dir='ltr'>pereuntes.</span> 
     </span>
    </p>
   </div>
   <div class='ocr_carea' id='block_1_3' title="bbox 141 3154 1153 3584">
    <p class='ocr_par' dir='ltr' id='par_1_5' title="bbox 141 3154 1153 3584">
     <span class='ocr_line' id='line_1_33' title="bbox 232 3154 1152 3227; baseline 0.004 -19"><span class='ocrx_word' id='word_1_239' title='bbox 232 3162 247 3208; x_wconf 76' lang='lat'><strong>2</strong></span> <span class='ocrx_word' id='word_1_240' title='bbox 266 3155 419 3208; x_wconf 85' lang='lat' dir='ltr'>mandaces</span> <span class='ocrx_word' id='word_1_241' title='bbox 433 3154 497 3210; x_wconf 74' lang='lat' dir='ltr'>Sitti</span> <span class='ocrx_word' id='word_1_242' title='bbox 514 3157 662 3210; x_wconf 89' lang='lat' dir='ltr'>mendaces</span> <span class='ocrx_word' id='word_1_243' title='bbox 680 3174 697 3211; x_wconf 82' lang='grc' dir='ltr'>σ</span> <span class='ocrx_word' id='word_1_244' title='bbox 769 3163 783 3210; x_wconf 81' lang='grc'><strong>7</strong></span> <span class='ocrx_word' id='word_1_245' title='bbox 802 3157 899 3227; x_wconf 86' lang='lat' dir='ltr'>ignitis</span> <span class='ocrx_word' id='word_1_246' title='bbox 918 3161 969 3212; x_wconf 86' lang='lat' dir='ltr'>aut</span> <span class='ocrx_word' id='word_1_247' title='bbox 987 3174 1021 3212; x_wconf 82' lang='lat' dir='ltr'>ex</span> <span class='ocrx_word' id='word_1_248' title='bbox 1039 3158 1152 3214; x_wconf 82' lang='lat' dir='ltr'>serratis</span> 
     </span>
     <span class='ocr_line' id='line_1_34' title="bbox 141 3226 1151 3298; baseline 0.006 -19"><span class='ocrx_word' id='word_1_249' title='bbox 141 3228 194 3293; x_wconf 82' lang='lat' dir='ltr'>(oet</span> <span class='ocrx_word' id='word_1_250' title='bbox 207 3226 343 3296; x_wconf 84' lang='lat' dir='ltr'>ferrariis)</span> <span class='ocrx_word' id='word_1_251' title='bbox 357 3227 384 3297; x_wconf 88' lang='grc' dir='ltr'>σ]</span> <span class='ocrx_word' id='word_1_252' title='bbox 403 3226 525 3296; x_wconf 83' lang='lat' dir='ltr'>signitiis</span> <span class='ocrx_word' id='word_1_253' title='bbox 544 3228 675 3298; x_wconf 77' lang='lat' dir='ltr'>(signibus</span> <span class='ocrx_word' id='word_1_254' title='bbox 688 3231 747 3298; x_wconf 78' lang='lat' dir='ltr'>PR)</span> <span class='ocrx_word' id='word_1_255' title='bbox 762 3231 811 3282; x_wconf 87' lang='lat' dir='ltr'>aut</span> <span class='ocrx_word' id='word_1_256' title='bbox 826 3245 860 3282; x_wconf 86' lang='lat' dir='ltr'>ex</span> <span class='ocrx_word' id='word_1_257' title='bbox 877 3228 986 3284; x_wconf 80' lang='lat' dir='ltr'>feriatis</span> <span class='ocrx_word' id='word_1_258' title='bbox 1000 3230 1035 3296; x_wconf 80' lang='lat' dir='ltr'>cf.</span> <span class='ocrx_word' id='word_1_259' title='bbox 1051 3235 1117 3297; x_wconf 80' lang='lat'>181,</span> <span class='ocrx_word' id='word_1_260' title='bbox 1131 3244 1151 3285; x_wconf 81' lang='lat' dir='ltr'>r.</span> 
     </span>
     <span class='ocr_line' id='line_1_35' title="bbox 141 3298 1152 3365; baseline 0.007 -15"><span class='ocrx_word' id='word_1_261' title='bbox 141 3298 191 3350; x_wconf 82' lang='lat' dir='ltr'>IV</span> <span class='ocrx_word' id='word_1_262' title='bbox 206 3302 236 3364; x_wconf 75' lang='lat'>4,</span> <span class='ocrx_word' id='word_1_263' title='bbox 250 3312 270 3351; x_wconf 82' lang='lat'><strong><em>3</em></strong></span> <span class='ocrx_word' id='word_1_264' title='bbox 290 3303 378 3365; x_wconf 78' lang='grc'><strong><em>14,13</em></strong></span> <span class='ocrx_word' id='word_1_265' title='bbox 396 3299 468 3353; x_wconf 79' lang='lat' dir='ltr'>Ptol</span> <span class='ocrx_word' id='word_1_266' title='bbox 487 3303 599 3353; x_wconf 66' lang='lat' dir='ltr'><em>46v11.</em></span> <span class='ocrx_word' id='word_1_267' title='bbox 619 3306 656 3355; x_wconf 81' lang='grc'>12</span> <span class='ocrx_word' id='word_1_268' title='bbox 681 3301 804 3355; x_wconf 70' lang='lat' dir='ltr'>Marcelli</span> <span class='ocrx_word' id='word_1_269' title='bbox 823 3302 931 3356; x_wconf 80' lang='lat'><strong><em>11355</em></strong></span> <span class='ocrx_word' id='word_1_270' title='bbox 954 3302 999 3355; x_wconf 85' lang='lat' dir='ltr'>VI</span> <span class='ocrx_word' id='word_1_271' title='bbox 1014 3306 1077 3357; x_wconf 81' lang='lat'><strong><em>390.</em></strong></span> <span class='ocrx_word' id='word_1_272' title='bbox 1096 3307 1152 3357; x_wconf 83' lang='lat'>519</span> 
     </span>
     <span class='ocr_line' id='line_1_36' title="bbox 144 3368 1153 3443; baseline 0.008 -23"><span class='ocrx_word' id='word_1_273' title='bbox 144 3374 176 3421; x_wconf 85' lang='lat'>13</span> <span class='ocrx_word' id='word_1_274' title='bbox 194 3368 328 3437; x_wconf 72' lang='lat' dir='ltr'>suppra</span> <span class='ocrx_word' id='word_1_275' title='bbox 346 3369 567 3442; x_wconf 69' lang='lat' dir='ltr'>{mclmedro</span> <span class='ocrx_word' id='word_1_276' title='bbox 586 3371 723 3424; x_wconf 77' lang='lat' dir='ltr'>celonv</span> <span class='ocrx_word' id='word_1_277' title='bbox 778 3377 811 3424; x_wconf 85' lang='grc'>16</span> <span class='ocrx_word' id='word_1_278' title='bbox 829 3371 965 3443; x_wconf 78' lang='lat' dir='ltr'>vel]etv</span> <span class='ocrx_word' id='word_1_279' title='bbox 1020 3375 1153 3428; x_wconf 72' lang='lat' dir='ltr'>aroma</span> 
     </span>
     <span class='ocr_line' id='line_1_37' title="bbox 141 3437 1152 3513; baseline 0.008 -23"><span class='ocrx_word' id='word_1_280' title='bbox 141 3437 216 3493; x_wconf 90' lang='lat' dir='ltr'>idest</span> <span class='ocrx_word' id='word_1_281' title='bbox 234 3438 280 3492; x_wconf 89' lang='lat' dir='ltr'>uel</span> <span class='ocrx_word' id='word_1_282' title='bbox 297 3445 324 3492; x_wconf 77' lang='grc' dir='ltr'>Ι</span> <span class='ocrx_word' id='word_1_283' title='bbox 396 3446 431 3494; x_wconf 77' lang='grc'>24</span> <span class='ocrx_word' id='word_1_284' title='bbox 450 3444 481 3495; x_wconf 90' lang='lat' dir='ltr'>ut</span> <span class='ocrx_word' id='word_1_285' title='bbox 499 3442 527 3512; x_wconf 82' lang='lat' dir='ltr'>a]</span> <span class='ocrx_word' id='word_1_286' title='bbox 547 3445 575 3495; x_wconf 90' lang='lat' dir='ltr'>et</span> <span class='ocrx_word' id='word_1_287' title='bbox 595 3449 599 3507; x_wconf 76' lang='lat' dir='ltr'>l</span> <span class='ocrx_word' id='word_1_288' title='bbox 620 3443 705 3511; x_wconf 86' lang='lat' dir='ltr'>damp</span> <span class='ocrx_word' id='word_1_289' title='bbox 705 3445 756 3496; x_wconf 91' lang='lat' dir='ltr'>nat</span> <span class='ocrx_word' id='word_1_290' title='bbox 756 3441 834 3497; x_wconf 90' lang='lat' dir='ltr'>iones</span> <span class='ocrx_word' id='word_1_291' title='bbox 851 3448 886 3494; x_wconf 76' lang='lat' dir='ltr'>P·</span> <span class='ocrx_word' id='word_1_292' title='bbox 906 3445 910 3513; x_wconf 76' lang='lat' dir='ltr'>l</span> <span class='ocrx_word' id='word_1_293' title='bbox 931 3442 1152 3498; x_wconf 84' lang='lat' dir='ltr'>animaduersio-</span> 
     </span>
     <span class='ocr_line' id='line_1_38' title="bbox 141 3510 1097 3584; baseline 0.008 -24"><span class='ocrx_word' id='word_1_294' title='bbox 141 3527 217 3580; x_wconf 91' lang='lat' dir='ltr'>num,</span> <span class='ocrx_word' id='word_1_295' title='bbox 236 3527 304 3565; x_wconf 83' lang='lat' dir='ltr'>corr</span> <span class='ocrx_word' id='word_1_296' title='bbox 319 3510 375 3569; x_wconf 62' lang='grc' dir='ltr'>Μ’</span> <span class='ocrx_word' id='word_1_297' title='bbox 392 3511 613 3584; x_wconf 76' lang='lat' dir='ltr'>{plectunturv</span> <span class='ocrx_word' id='word_1_298' title='bbox 685 3519 718 3567; x_wconf 78' lang='lat'>25</span> <span class='ocrx_word' id='word_1_299' title='bbox 737 3512 831 3567; x_wconf 72' lang='lat' dir='ltr'>hiis?</span> <span class='ocrx_word' id='word_1_300' title='bbox 903 3519 936 3568; x_wconf 75' lang='lat'>29</span> <span class='ocrx_word' id='word_1_301' title='bbox 955 3513 1052 3568; x_wconf 84' lang='lat' dir='ltr'>lunam</span> <span class='ocrx_word' id='word_1_302' title='bbox 1069 3519 1097 3568; x_wconf 83' lang='grc' dir='ltr'>Ι</span> 
     </span>
    </p>
   </div>
   <div class='ocr_carea' id='block_1_4' title="bbox 0 0 1212 3840">
    <p class='ocr_par' dir='ltr' id='par_1_6' title="bbox 0 0 1212 3840">
     <span class='ocr_line' id='line_1_39' title="bbox 0 0 1212 3840; baseline 0 0"><span class='ocrx_word' id='word_1_303' title='bbox 0 0 1212 3840; x_wconf 95' lang='lat' dir='ltr'> </span> 
     </span>
    </p>
   </div>
  </div>
 </body>
</html>
