2416 3840
521 152 534 205 Ι
549 158 573 220 7,
588 137 683 207 arss-sa
1062 152 1105 216 29

97 297 167 380 puli
195 296 335 361 Romani
363 296 536 381 <nomine>
566 318 740 381 prosperae
773 301 806 361 et
835 301 1011 382 perpetuae
1039 297 1107 360 feli-

97 385 207 451 citatis
240 389 382 450 ornatur.
433 384 501 451 Ubi
528 407 614 450 nunc
646 389 735 469 sunt,
773 386 828 469 qui
859 389 982 471 negant
1015 388 1157 452 aotus3'l

96 478 229 539 nostros
259 473 428 538 stellarum
451 473 598 538 fortuitis
627 475 775 540 cursibus
804 474 1000 559 gubernari?
1046 474 1106 538 Ille

99 561 237 626 crudelis
256 562 500 646 perfidissimus,
520 585 615 646 quem
635 561 754 628 scimus
775 585 833 646 per
847 564 956 627 onmia
970 562 1107 628 crudeli-

71 650 180 716 statis
204 671 323 736 genera
346 654 545 736 grassatum,
577 672 707 715 securus
732 652 841 716 omnia
864 652 1035 737 dignitatis
1059 673 1108 715 or-

98 743 253 804 namenta
284 739 506 824 consequitur3
539 739 662 804 Marius
692 762 769 804 vero
801 744 878 825 post
905 741 1107 824 triumphum

97 825 277 914 Iugurthae
292 831 536 912 ceterarumque
551 828 707 913 gentium,
727 850 807 913 quas
825 830 963 915 subegit,
981 834 1107 913 postea·

100 939 197 1000 quam
224 917 339 980 urbem
366 917 505 981 Romam
534 923 568 982 et
596 918 736 981 externis
761 922 794 983 et
817 917 1002 983 domesticis
1026 919 1107 1002 peri·

100 1005 181 1070 culis
204 1004 365 1087 liberavit,
387 1009 463 1088 post
481 1005 695 1089 triumphales
715 1029 882 1090 purpuras,
907 1011 981 1090 post
1001 1008 1106 1092 pictas

59 1122 85 1160 ro
100 1079 292 1177 aureasque'
307 1094 468 1176 palmatas
501 1094 614 1158 ferreis
648 1095 822 1180 stringitur
854 1097 991 1160 vinculis
1025 1099 1108 1160 cate-

98 1204 223 1246 narum.
270 1182 354 1247 Ecce
379 1183 451 1246 exul
475 1183 510 1246 in
537 1182 709 1267 paludibus
734 1183 1012 1250 Minturnensibus
1036 1184 1108 1248 lati-

99 1274 163 1354 tat,
191 1293 264 1334 ecce
293 1271 431 1335 carceris
460 1272 643 1355 sqaloribus
671 1273 844 1358 premitur;
871 1272 974 1356 rides,
1002 1278 1040 1337 ut
1068 1273 1108 1336 ad

100 1358 297 1443 crepidinem
312 1359 437 1424 dirutae
452 1359 665 1446 Karthaginis
681 1360 838 1446 fugitivus
854 1361 1006 1426 accedat?
1028 1359 1107 1436 Quis
1119 1364 1159 1428 38

100 1450 179 1512 deus
204 1452 261 1512 aut
284 1448 410 1512 exulem
428 1447 568 1512 Marium
591 1453 648 1512 aut
671 1449 796 1514 felicem
821 1450 941 1515 fecerat
962 1448 1107 1533 Syllam?

61 1562 86 1603 1⁵
101 1536 236 1601 Paullus
260 1536 437 1621 imperator
467 1537 566 1601 militi
593 1536 698 1602 Mario
726 1539 940 1621 promittebat
963 1537 1108 1624 imperia,

101 1625 230 1709 legatus
245 1623 335 1709 Sylla
348 1624 533 1702 Romanurn
548 1626 717 1690 deserebat
736 1627 923 1712 exercitum,
946 1631 979 1691 et
998 1631 1108 1691 tamen

103 1717 218 1796 postea
240 1713 359 1778 iudicio
378 1713 542 1778 Fortunae
566 1714 622 1779 ille
642 1717 715 1779 exul
734 1715 841 1780 factus
860 1720 919 1802 est,
942 1716 997 1780 ille
1020 1716 1108 1781 felix.

102 1798 210 1866 Nimis
233 1801 331 1887 longa
355 1803 501 1888 oratioue
525 1803 591 1866 vim
613 1803 905 1889 necessitatemque
928 1804 1002 1889 fati,
1031 1805 1108 1870 stel-

102 1890 208 1954 larum
223 1891 319 1955 etiam
337 1891 753 1976 potestates....Syllanae
772 1894 1002 1958 dominationis
1021 1893 1110 1957 facta

58 2007 86 2047 ao
101 1979 243 2044 crudelia
262 1980 330 2064 †ad
349 1981 450 2044 istum
469 2003 651 2045 sermonem
671 1981 866 2045 deflevimus.
904 1980 1013 2064 Scipio
1032 1987 1108 2065 post
1119 1983 1160 2047 39

101 2071 154 2132 tot
172 2067 366 2152 triumphos,
384 2073 459 2153 post
477 2070 617 2134 deletam
633 2069 870 2154 Karthaginem
884 2067 1109 2134 Numantiam-

102 2178 164 2239 que
196 2160 410 2241 prostratam,
442 2162 518 2242 post
550 2162 757 2244 peragratam
788 2157 956 2222 Graeciam
995 2157 1109 2223 Asiam

101 2244 291 2327 Bithyniam
312 2242 502 2330 Syriamque
522 2248 705 2331 lustratam,
728 2251 804 2331 post
824 2247 1003 2312 dictaturae
1027 2249 1109 2312 inre·

102 2333 337 2417 prehensibiles
366 2338 458 2399 actus
486 2336 574 2400 intra
606 2336 752 2421 privatos
783 2336 924 2420 parietes
958 2337 1109 2401 domesti-

59 2450 87 2492 25
102 2444 213 2486 corum
236 2420 363 2486 insidiis
384 2425 498 2489 acerbo
522 2424 638 2489 mortis
658 2425 803 2490 cruciatu
823 2429 856 2489 et
873 2424 1006 2489 nefariis
1025 2425 1110 2489 fran-

102 2511 248 2595 gentium
277 2511 388 2596 gulam
420 2513 569 2588 manibus
602 2536 776 2598 oppressus
808 2514 937 2597 privata
970 2514 1110 2598 quodam

193 2648 339 2703 lnomine
354 2667 407 2720 pro
425 2650 546 2706 Romani
564 2651 593 2705 ι’
685 2652 841 2721 tperfidus
860 2652 890 2705 A'
920 2651 1040 2706 crudelis
1058 2654 1109 2707 del.

106 2721 219 2786 Usener,
241 2721 369 2789 cfi1,1s.
388 2726 419 2790 4,
432 2736 453 2778 a.
472 2729 498 2791 9,
514 2737 545 2777 rc.
564 2727 646 2792 26,1⁶
664 2723 767 2777 Aratio
785 2724 865 2777 VIII
874 2726 931 2778 178
959 2722 962 2729 '
1002 2730 1018 2778 6
1037 2741 1111 2777 cras-

103 2794 234 2844 satuml’
319 2794 573 2863 btryumphumP
663 2793 828 2864 Iiugurtae
862 2797 866 2864 Ι
900 2797 1051 2863 postquam
1068 2800 1111 2854 ΡΩ

103 2860 337 2930 utryuphalesr
393 2870 425 2917 10
445 2866 637 2923 caterarumtl
692 2870 723 2918 11
743 2864 983 2918 Minturnensibus
1000 2867 1110 2937 Usener]

102 2931 227 2986 mittitur
243 2947 295 2985 nec
313 2931 354 2985 ibi
373 2933 461 3002 (sibus
479 2936 512 3004 Δ)
574 2941 607 2988 13
626 2935 721 2988 karta-
739 2941 766 2987 11
790 2938 879 2989 carta·
899 2941 920 2994 α
983 2943 1016 2990 14
1035 2936 1112 2990 exul-

103 3003 197 3057 lomr
222 3006 226 3072 Ι
251 3001 361 3072 felicem
383 3010 475 3066 omo
547 3012 579 3059 15
603 3005 703 3075 paulus
726 3011 768 3065 ΡΩ
845 3013 878 3060 16
902 3006 967 3060 silla
988 3012 1009 3066 Q
1031 3008 1112 3074 (idem

105 3078 148 3145 19)
175 3075 179 3147 Ι
203 3074 351 3144 imperium
372 3076 564 3136 exereitumtl
632 3083 664 3130 17
688 3076 742 3130 iste
760 3076 828 3131 felix
845 3096 863 3130 v
931 3082 964 3130 19
984 3079 1112 3131 laconum

102 3147 200 3201 statuit
222 3147 331 3215 Usener,
348 3166 371 3203 o.
387 3167 411 3218 p.
431 3151 586 3202 tractantes
620 3149 624 3218 l
659 3148 863 3202 dominationes
881 3153 924 3207 1³0
1004 3154 1038 3200 20
1056 3148 1110 3202 isto

104 3233 229 3271 sermone
248 3218 278 3272 ι’
369 3225 402 3271 21
422 3219 624 3288 tryumphosP
658 3221 661 3288 Ι
705 3220 829 3274 delatam
846 3225 873 3271 11
907 3223 911 3287 Ι
951 3219 1046 3272 harta-
1064 3224 1111 3271 ΗΡ

103 3290 233 3348 carta-Q
287 3296 320 3343 22
340 3293 419 3359 gram
433 3292 493 3360 (aa.
509 3289 641 3360 gratiam)
656 3297 759 3346 sare?
775 3292 778 3362 l
796 3295 927 3358 asyaml’
971 3290 1112 3358 asbythr'-

104 3357 182 3412 niam
197 3365 225 3412 1
242 3360 428 3420 bithiniamtl
444 3363 450 3441 l
465 3367 646 3429 syramquel’
665 3361 815 3431 siriamque
831 3366 852 3420 Q
923 3367 958 3415 24
975 3359 1050 3415 inter
1064 3367 1085 3421 Q

103 3429 231 3554 pddiadas
249 3438 284 3484 1²⁸
344 3431 568 3487 asinariam
593 3435 597 3503 l
619 3431 746 3488 nefariis:
767 3431 833 3486 ariis
852 3433 885 3487 ir.
906 3438 925 3484 P
984 3438 1017 3486 26
1036 3449 1103 3502 quor

104 3517 122 3554 a
171 3508 269 3556 oo!
