2416 3840
505 165 544 219 ΠΙ
559 171 601 235 10,
616 179 698 222 0-10,
812 211 814 216 .
1044 166 1107 230 173

95 313 224 379 fructus
255 312 413 376 maximos
444 316 696 394 consequantur,
728 310 838 376 felices
869 312 957 376 beati
931 315 1021 375 tet
1051 312 1108 396 qui

96 424 212 505 regum
245 405 336 466 actus
369 423 428 465 sua
457 399 688 464 intercessione
720 400 908 485 disponant,
941 404 1107 466 exactores

95 492 265 592 regiarum
291 511 492 556 annonarum
520 489 571 553 vel
598 489 808 590 pecuniarum
834 489 1008 571 fiscalium,
1035 510 1108 591 pro-

97 579 215 644 vinciis
239 578 490 661 civitatibusque
513 578 699 661 praepositi.
665 576 773 641 usi
792 599 868 643 vero
887 577 1002 642 diurna
1021 578 1108 663 geni·
1141 580 1161 644 8

71 673 175 735 stura
198 669 266 732 01
258 689 292 731 in
320 671 411 732 sexto
440 667 512 731 loco
536 667 613 731 Iove
641 688 714 731 cum
737 666 898 731 Mercurio
927 667 1107 732 constituto

99 757 191 822 nulla
219 755 314 823 stella
340 757 375 820 in
401 755 441 819 X.
466 755 506 818 ab
533 754 716 837 horoscopo
743 755 816 820 loco
843 755 942 820 fuerit
968 756 1110 840 inuenta,

99 846 279 910 mediocres
303 848 336 908 et
359 842 428 908 vita
451 848 483 908 et
506 844 704 928 patrimonio
728 848 761 908 et
780 845 908 909 actibus
927 844 1035 909 faciet.
1074 843 1109 909 Si

99 954 176 999 vero
198 955 257 1019 per
274 936 409 998 noctem
433 934 479 998 sio
502 932 624 997 fuerint
647 933 780 1017 inventi,
802 933 941 997 reddunt
963 932 1110 1018 negotio·

98 1044 173 1088 rum
195 1022 393 1105 interpretes
416 1024 449 1085 et
477 1022 655 1106 piscatores
683 1026 740 1086 aut
763 1043 902 1107 augures
927 1025 983 1086 aut
1006 1022 1112 1105 sculp

57 1116 189 1178 1010168
212 1115 270 1176 aut
292 1109 465 1175 laboriosis
485 1132 611 1194 semper
630 1111 757 1175 actibus
776 1111 949 1195 impeditos
970 1115 1026 1175 aut
1046 1133 1110 1175 ser-

99 1201 179 1265 vilia
203 1199 312 1265 officia
339 1199 495 1264 facientes
523 1204 580 1263 aut
607 1200 642 1263 in
670 1198 791 1264 talibus
820 1201 946 1264 artibus
975 1199 1111 1283 positos,

99 1311 184 1374 quae
222 1288 376 1373 gravibus
409 1288 562 1353 odoribus
599 1291 633 1353 et
669 1287 823 1373 gravibus
862 1289 928 1353 sint
961 1289 1110 1352 sordibus

100 1377 279 1462 squalidae,
301 1377 385 1441 idest
409 1381 466 1441 aut
488 1377 628 1441 fullones
652 1381 709 1440 aut
728 1378 890 1442 coriorum
910 1377 1110 1442 confectores

101 1471 161 1530 aut
189 1465 372 1552 gallinatios
401 1469 457 1530 aut
483 1466 624 1549 pistores
653 1469 710 1529 aut
737 1466 878 1530 lanarios
907 1470 964 1530 aut
990 1466 1042 1529 his
1071 1466 1112 1528 si-

56 1583 85 1623 10
102 1554 207 1620 miles.

193 1643 232 1707 ln
259 1643 398 1727 septimo
425 1643 498 1708 loco
522 1644 562 1708 ab
591 1643 787 1727 horoscopo,
813 1641 898 1707 idest
926 1643 960 1706 in
987 1663 1112 1724 occasu,

102 1732 284 1797 Mercurius
308 1754 382 1797 cum
399 1731 476 1796 Iove
494 1732 617 1816 pariter
636 1733 835 1797 constitutus
853 1736 888 1796 et
907 1753 964 1816 per
981 1736 1112 1796 noctem

103 1826 138 1886 et
167 1843 226 1906 per
254 1821 340 1885 diem
371 1821 481 1884 eadem
512 1820 612 1885 simili
642 1821 769 1885 ratione
799 1820 950 1886 decernit.
1000 1818 1112 1885 Faciet

104 1911 191 1975 enim
214 1933 234 1974 a
257 1908 449 1974 mulieribus
472 1909 646 1974 felicitates
671 1910 828 1974 maximas
852 1908 992 1974 conferri
1015 1913 1048 1973 et
1066 1909 1112 1973 fa-

58 2027 89 2067 00
105 2000 170 2064 0101
190 1998 330 2083 publicis
354 1998 543 2063 muneribus
564 1999 769 2082 praepositos
791 2002 824 2063 et
841 1997 1037 2082 populorum
1055 2002 1113 2062 aut

103 2088 280 2154 civitatum,
298 2088 460 2172 principes
485 2091 541 2151 aut
565 2088 674 2152 decern
692 2086 825 2171 primos,
849 2087 1006 2172 longioris
1025 2087 1113 2151 vitae

104 2181 140 2241 01
162 2177 265 2241 bonae
289 2177 466 2241 senectutis
494 2180 528 2239 01
555 2176 649 2241 bonis
678 2176 822 2242 consiliis
846 2198 884 2240 00
912 2176 1056 2240 moribus
1079 2179 1113 2240 ct

104 2265 162 2349 qui
185 2265 286 2330 bonas
309 2287 361 2330 res
381 2265 569 2330 desiderent
592 2287 727 2349 semper.
765 2261 828 2329 Sed
846 2265 970 2349 <haec>
988 2265 1023 2329 in
1039 2286 1115 2329 noc·

104 2354 212 2418 tumis
235 2354 395 2440 genituris
415 2355 613 2434 minuuntur,
637 2355 664 2418 si
689 2353 735 2418 sic
754 2353 952 2419 Mercurium
970 2354 1115 2438 positum

62 2469 90 2511 aa
105 2464 181 2509 cum
203 2441 278 2508 love
303 2441 462 2507 Saturnus
490 2443 529 2507 de
553 2443 711 2508 diametro
739 2443 790 2508 vel
819 2443 858 2507 de
886 2443 1044 2527 quadrato
1068 2465 1116 2507 re-

104 2530 249 2616 spexerit
271 2531 322 2596 vel
346 2530 374 2596 si
398 2554 472 2597 cum
494 2531 575 2617 ipsis
598 2531 697 2597 fuerit
719 2532 879 2597 inventus.

194 2621 234 2685 In
261 2624 376 2685 octavo
404 2620 476 2686 loco
504 2621 544 2685 ab
573 2621 754 2704 horoscopo
777 2621 957 2686 Mercurius
986 2625 1018 2686 01
1040 2620 1167 2706 Iup-10

104 2710 194 2795 piter
218 2709 384 2793 partiliter
411 2710 594 2793 constituti,
626 2711 654 2774 si
683 2710 717 2774 in
747 2711 862 2774 diurna
890 2711 1040 2795 genitura
1068 2711 1114 2774 sic

106 2796 230 2863 fuerint
251 2798 388 2882 inventi,
419 2798 597 2863 mediocres
624 2799 659 2862 in
686 2798 754 2862 vita
780 2798 901 2863 facient
928 2802 962 2863 et
990 2800 1045 2883 qui
1075 2821 1115 2863 ex

66 2914 93 2954 00
107 2887 301 2972 quibusdam
324 2886 565 2952 inventionibus
593 2887 679 2952 vitae
708 2887 771 2951 sibi
798 2887 960 2971 praesidia
989 2909 1115 2971 compa·

104 2979 189 3041 rent.
226 2973 434 3051 Quorundam
452 2976 538 3040 enim
556 2975 716 3040 infamant
734 2977 945 3058 iuventutern,
969 2977 1025 3040 sed
1043 2998 1115 3060 pro-

199 3167 461 3236 3101101001,οΜ
481 3166 511 3219 Δ’
584 3166 853 3292 4propositi1PB
877 3170 881 3236 Ι
906 3183 999 3236 rumpe
1016 3166 1117 3225 diuma

108 3238 789 3320 (011)78011111]000110110010]01100
862 3244 893 3292 11
914 3237 958 3292 off
978 3253 1048 3292 seru
1067 3240 1114 3311 Vl

108 3310 250 3382 partibus,
269 3327 336 3365 0000.
356 3330 373 3363 a
397 3314 401 3380 Ι
428 3317 460 3365 13
480 3241 690 3382 001010010110100
708 3316 731 3361 B
803 3308 1117 3379 14callicarios1PB,

109 3399 178 3436 corr.
202 3399 219 3435 σ
247 3383 293 3450 (01
317 3383 398 3436 Arcti.
418 3383 466 3436 IX
485 3385 551 3450 306)
577 3383 611 3448 01.
631 3382 680 3436 IV
694 3386 743 3448 14,
757 3394 796 3447 13,
827 3382 941 3435 edebant
967 3355 1117 3452 caligarios

110 3458 144 3506 17
165 3451 240 3506 diem
262 3456 292 3506 01
314 3470 363 3523 per
380 3456 490 3507 noctem
508 3457 531 3504 V
609 3459 643 3506 20
661 3422 839 3522 popularium
861 3457 940 3504 11²3
962 3453 997 3518 01.
1012 3457 1077 3520 185,
1091 3467 1118 3505 00

105 3525 198 3594 possis
214 3523 412 3594 populosamm
430 3525 504 3596 [aut]
576 3530 610 3578 23
629 3524 692 3579 add.
712 3543 729 3576 a
746 3525 805 3594 (011
822 3523 924 3578 haect
911 3525 1015 3594 tamen)
