2416 3840
500 189 714 261 maa-aa
1046 191 1108 256 127

100 336 196 400 drato
219 334 406 419 respexerit,
428 335 514 400 filios
533 337 716 422 denegabit.
755 334 790 401 Si
809 357 885 401 vero
903 359 961 420 per
978 343 1108 403 noctem
1119 337 1162 403 39

99 424 171 507 ipse
191 425 285 488 dator
303 424 390 488 vitae
408 423 516 508 fuerit,
539 426 681 489 maxima
699 425 816 489 aetatis
836 426 942 510 spatia
960 427 1108 512 largitur.

101 511 138 577 Si
166 513 201 577 in
224 512 338 576 diurna
362 512 512 599 genitura
539 515 608 598 ipse
637 515 731 578 dator
758 513 843 578 vitae
871 513 982 599 fuerit,
1011 515 1109 581 faciet

100 603 136 665 in
157 601 264 685 primo
284 600 401 666 aetatis
421 603 524 688 gradu
543 603 670 687 positos
694 602 834 667 interire.
872 601 1001 668 sivero
1025 604 1109 670 alter

71 690 201 758 eluerit
230 690 325 755 dator
347 690 433 754 vitae
460 690 536 774 (et)
559 690 646 755 Mars
674 713 732 776 per
756 691 950 775 quadratum
973 694 1025 758 vel
1050 715 1109 778 per

100 779 296 843 diametrum
319 779 491 864 rest'terit,
519 780 643 846 minuet
670 801 709 845 ex
736 781 798 845 hac
823 783 944 865 aetate,
974 803 1055 865 quae
1078 783 1108 846 ei

101 869 231 934 decreta
252 867 361 952 fuerit,
386 889 487 933 annos
511 869 703 952 quindecim.
750 868 884 935 sivero
910 870 995 933 inter
1018 892 1052 934 se
1075 875 1109 935 et

101 955 279 1022 Saturnum
303 956 443 1021 mediam
461 957 587 1022 Lunam
606 958 747 1042 positam
766 958 934 1042 acceperit,
958 958 1108 1024 debilitat

100 1049 199 1129 atque
223 1045 407 1129 amputabit
430 1050 558 1130 partem
582 1046 728 1131 corporis
752 1068 810 1130 pro
831 1047 988 1130 qualitate
1012 1046 1107 1133 signi,

58 1160 87 1201 ιο
100 1135 137 1198 in
151 1156 215 1218 quo
229 1134 321 1197 Luna
334 1133 433 1199 fuerit
447 1136 587 1199 inventa.
625 1133 660 1200 Si
674 1157 749 1200 vero
764 1135 891 1200 Lunam
908 1141 1106 1202 crescentem

99 1245 158 1307 per
186 1223 380 1287 diametrum
406 1223 457 1289 vel
486 1224 679 1307 quadratum
707 1224 838 1305 viderit,
870 1246 925 1289 eos
954 1227 1009 1309 qui
1036 1226 1106 1291 nati

98 1311 223 1378 fuerint
246 1315 302 1375 aut
325 1312 439 1376 statim
462 1311 593 1395 perimit
617 1317 674 1377 aut
697 1313 795 1377 faciet
817 1314 942 1396 exponi.

190 1399 253 1466 Sed
280 1404 318 1464 ut
346 1399 452 1465 verius
479 1405 677 1485 potestatem
705 1401 841 1486 colligas
869 1401 999 1486 Martis,
1029 1401 1159 1467 duo-40

98 1488 352 1554 decatemorium
375 1490 445 1554 eius
473 1494 506 1554 et
528 1490 609 1554 fines
633 1490 906 1555 duodecatemorii
933 1490 1106 1576 diligenter

53 1605 81 1646 15
95 1600 233 1662 mqurre.

460 1717 500 1786 V.
531 1719 590 1784 DE
617 1719 738 1786 SOLE.

188 1843 244 1909 Sol
263 1843 297 1908 in
316 1847 407 1928 parte
426 1843 602 1928 horoscopi
621 1845 817 1910 constitutus
838 1844 968 1910 difficile
987 1846 1103 1910 fratres
1129 1846 1145 1908 1

96 1932 201 2018 dabit3
224 1933 259 1997 in
277 1933 456 1998 masculino
481 1937 589 1997 autem
613 1932 706 2018 signo
731 1935 928 1999 constitutus
951 1933 985 1997 in
1008 1935 1103 1999 domo

96 2044 158 2087 sua
185 2025 241 2086 aut
264 2021 299 2085 in
322 2021 492 2086 altitudine
516 2044 575 2087 sua
603 2026 636 2087 et
664 2021 831 2087 benivolae
859 2022 973 2087 stellae
1000 2023 1102 2088 radia-

52 2137 81 2178 co
96 2111 186 2175 tione
210 2111 400 2176 coniunctus
424 2112 507 2192 <aut
527 2111 568 2196 a>
590 2110 750 2176 benivolis
773 2114 940 2195 protectus
966 2133 1102 2198 magnae

94 2197 279 2263 nobilitatis
302 2199 443 2284 largitur
460 2199 608 2285 insignia
648 2198 683 2264 Si
701 2222 778 2264 vero
798 2200 968 2264 malivolae
988 2201 1101 2265 stellae

94 2285 171 2352 Sole
202 2288 237 2352 in
264 2287 444 2372 horoscopo
473 2289 653 2353 constituto
682 2311 783 2373 prope
810 2289 909 2354 radiis
940 2291 1101 2369 accedant,

94 2376 262 2441 oculorum
286 2377 389 2440 aciem
412 2399 451 2441 ex
470 2377 611 2442 maxima
630 2381 722 2462 parte
746 2377 904 2443 debilitat.
944 2377 1007 2442 Sed
1026 2379 1102 2462 quia

93 2465 234 2530 diximus
266 2488 341 2530 eum
373 2466 530 2531 maximas
565 2467 734 2531 decernere
766 2466 954 2551 felicitates,
992 2467 1102 2532 omnia

51 2555 248 2620 audebamus
273 2554 456 2638 specialiter
479 2555 647 2639 explicare.
685 2554 766 2620 Cum
787 2555 928 2622 Saturno
951 2557 985 2620 in
1008 2557 1101 2621 horo·
1124 2554 1145 2618 2

93 2643 185 2727 scopi
218 2642 346 2708 cardine
383 2643 547 2727 partiliter
584 2645 783 2708 constitutus
814 2646 849 2708 in
881 2645 947 2730 his,
984 2645 1100 2728 quibus

93 2731 247 2815 diximus,
280 2729 430 2815 partibus
466 2754 524 2816 per
560 2733 645 2797 diem
683 2731 898 2817 imperatores
930 2734 1028 2798 faciet
1064 2755 1101 2798 ac

91 2840 201 2905 reges;
239 2820 354 2904 quodsi
385 2820 470 2886 vires
504 2821 572 2885 eius
608 2821 724 2885 leviter
760 2821 883 2885 fuerint
918 2821 1101 2906 impeditae,

183 3052 197 3099 1
218 3045 382 3117 denegauit,
401 3063 467 3102 corr.
487 3044 518 3100 A'
609 3053 624 3101 3
644 3047 823 3103 diuturnent
913 3053 928 3102 5
949 3049 977 3101 et
995 3048 1059 3100 odd.
1080 3053 1100 3106 Q

92 3123 107 3171 7
128 3117 198 3171 data
210 3123 238 3170 Η
292 3126 308 3171 9
327 3121 411 3187 atque
429 3119 468 3190 Π]
487 3135 541 3187 que
555 3124 605 3171 BV
624 3120 733 3188 quodP
750 3122 753 3187 Ι
770 3118 938 3189 amputauit,
957 3135 1024 3172 corr.
1037 3118 1100 3173 Sittl

91 3193 126 3242 10
145 3189 213 3241 luna
232 3192 380 3258 crescente,
400 3207 467 3244 corr.
487 3189 516 3242 A'
591 3195 623 3244 13
643 3190 760 3261 calligas
779 3197 814 3242 1²²
835 3193 840 3259 Ι
866 3189 1054 3243 duodeoatha
1072 3194 1100 3241 Η

91 3260 280 3315 duodecathe·
298 3266 373 3313 ΡΠ
391 3269 503 3330 utroque
522 3262 578 3316 loco
595 3263 704 3331 utrique
784 3267 818 3314 20
837 3261 926 3329 suppl.
944 3280 962 3314 a
987 3262 991 3328 Ι
1015 3260 1099 3313 bene-

90 3329 164 3386 uolis
181 3336 209 3383 1
296 3337 330 3385 22
348 3331 379 3385 in
398 3331 464 3400 sole,
483 3348 550 3388 corr.
570 3351 587 3384 a
621 3335 624 3402 Ι
658 3332 825 3387 constitutos
844 3337 898 3384 btv
932 3335 936 3399 Ι
969 3329 1099 3385 radiosa

90 3403 125 3468 cf.
146 3407 248 3469 141,ro
270 3403 274 3473 Ι
296 3403 419 3472 accedat,
438 3420 506 3458 corr.
526 3422 542 3455 a
622 3408 655 3456 23
674 3406 719 3476 ex]
739 3406 768 3458 et
785 3410 805 3455 P
822 3404 825 3473 Ι
841 3402 962 3457 maxime
980 3407 1015 3455 1²⁸
1031 3404 1035 3473 l
1052 3402 1098 3456 de-

89 3472 189 3527 bilitat
206 3475 235 3545 a]
255 3473 397 3529 desiderat
485 3480 519 3527 24
538 3473 691 3529 facilitates
708 3480 736 3527 Η
821 3480 854 3528 26
874 3477 1005 3528 saturnus
1023 3479 1071 3527 PB
1091 3473 1095 3547 Ι

89 3543 245 3615 horoscopo
263 3551 298 3596 1²⁸
368 3549 402 3599 27
422 3545 467 3617 ac]
486 3549 555 3599 etv
627 3551 661 3600 28
680 3545 751 3600 vires
771 3545 845 3617 sicel]
864 3545 907 3600 uis
