<?xml version="1.0" encoding="UTF-8"?>
<!DOCTYPE html PUBLIC "-//W3C//DTD XHTML 1.0 Transitional//EN"
    "http://www.w3.org/TR/xhtml1/DTD/xhtml1-transitional.dtd">
<html xmlns="http://www.w3.org/1999/xhtml" xml:lang="en" lang="en">
 <head>
  <title>
</title>
<meta http-equiv="Content-Type" content="text/html;charset=utf-8" />
  <meta name='ocr-system' content='tesseract 3.04.00' />
  <meta name='ocr-capabilities' content='ocr_page ocr_carea ocr_par ocr_line ocrx_word'/>
</head>
<body>
  <div class='ocr_page' id='page_1' title='image "./iuliifirmicimat00mategoog_0125.png"; bbox 0 0 2416 3840; ppageno 0'>
   <div class='ocr_carea' id='block_1_1' title="bbox 116 148 686 237">
    <p class='ocr_par' dir='ltr' id='par_1_1' title="bbox 116 148 686 237">
     <span class='ocr_line' id='line_1_1' title="bbox 116 148 686 237; baseline 0.002 -13"><span class='ocrx_word' id='word_1_1' title='bbox 116 172 179 237; x_wconf 86' lang='lat'>108</span> <span class='ocrx_word' id='word_1_2' title='bbox 443 203 445 208; x_wconf 80' lang='lat'><em>·</em></span> <span class='ocrx_word' id='word_1_3' title='bbox 537 148 686 225; x_wconf 73' lang='lat' dir='ltr'>‘emmor</span> 
     </span>
    </p>
   </div>
   <div class='ocr_carea' id='block_1_2' title="bbox 71 312 1174 2883">
    <p class='ocr_par' dir='ltr' id='par_1_2' title="bbox 71 312 1174 2883">
     <span class='ocr_line' id='line_1_2' title="bbox 115 312 1125 399; baseline -0.005 -16"><span class='ocrx_word' id='word_1_4' title='bbox 115 318 284 383; x_wconf 86' lang='lat' dir='ltr'>affluentia</span> <span class='ocrx_word' id='word_1_5' title='bbox 306 316 472 382; x_wconf 78' lang='lat' dir='ltr'>felicitatis</span> <span class='ocrx_word' id='word_1_6' title='bbox 496 320 644 399; x_wconf 87' lang='lat' dir='ltr'>ornatos;</span> <span class='ocrx_word' id='word_1_7' title='bbox 665 337 741 379; x_wconf 90' lang='lat' dir='ltr'>nam</span> <span class='ocrx_word' id='word_1_8' title='bbox 764 315 849 378; x_wconf 88' lang='lat' dir='ltr'>sicut</span> <span class='ocrx_word' id='word_1_9' title='bbox 872 313 1019 399; x_wconf 87' lang='lat' dir='ltr'>superius</span> <span class='ocrx_word' id='word_1_10' title='bbox 1043 312 1125 378; x_wconf 89' lang='lat' dir='ltr'>dixi-</span> 
     </span>
     <span class='ocr_line' id='line_1_3' title="bbox 116 402 1125 490; baseline -0.003 -20"><span class='ocrx_word' id='word_1_11' title='bbox 116 429 201 490; x_wconf 85' lang='lat' dir='ltr'>mus,</span> <span class='ocrx_word' id='word_1_12' title='bbox 228 405 257 471; x_wconf 92' lang='lat' dir='ltr'>si</span> <span class='ocrx_word' id='word_1_13' title='bbox 281 426 353 470; x_wconf 89' lang='lat' dir='ltr'>cum</span> <span class='ocrx_word' id='word_1_14' title='bbox 377 405 481 470; x_wconf 80' lang='lat' dir='ltr'>Marte</span> <span class='ocrx_word' id='word_1_15' title='bbox 505 406 551 470; x_wconf 89' lang='lat' dir='ltr'>sic</span> <span class='ocrx_word' id='word_1_16' title='bbox 575 405 674 469; x_wconf 89' lang='lat' dir='ltr'>fuerit</span> <span class='ocrx_word' id='word_1_17' title='bbox 697 403 910 486; x_wconf 87' lang='lat' dir='ltr'>constitutus,</span> <span class='ocrx_word' id='word_1_18' title='bbox 935 402 964 467; x_wconf 91' lang='lat' dir='ltr'>is</span> <span class='ocrx_word' id='word_1_19' title='bbox 994 402 1050 485; x_wconf 91' lang='lat' dir='ltr'>qui</span> <span class='ocrx_word' id='word_1_20' title='bbox 1077 402 1125 468; x_wconf 89' lang='lat' dir='ltr'>sic</span> 
     </span>
     <span class='ocr_line' id='line_1_4' title="bbox 117 490 1125 578; baseline -0.003 -19"><span class='ocrx_word' id='word_1_21' title='bbox 117 517 191 560; x_wconf 90' lang='lat' dir='ltr'>eum</span> <span class='ocrx_word' id='word_1_22' title='bbox 212 494 373 575; x_wconf 85' lang='lat' dir='ltr'>habuerit,</span> <span class='ocrx_word' id='word_1_23' title='bbox 395 494 499 578; x_wconf 81' lang='lat' dir='ltr'>regali</span> <span class='ocrx_word' id='word_1_24' title='bbox 521 493 584 558; x_wconf 91' lang='lat' dir='ltr'>erit</span> <span class='ocrx_word' id='word_1_25' title='bbox 607 515 733 577; x_wconf 90' lang='lat' dir='ltr'>semper</span> <span class='ocrx_word' id='word_1_26' title='bbox 751 495 914 576; x_wconf 75' lang='lat' dir='ltr'>potestate</span> <span class='ocrx_word' id='word_1_27' title='bbox 933 490 1125 575; x_wconf 88' lang='lat' dir='ltr'>perspicuus</span> 
     </span>
     <span class='ocr_line' id='line_1_5' title="bbox 117 580 1125 665; baseline -0.004 -17"><span class='ocrx_word' id='word_1_28' title='bbox 117 588 150 648; x_wconf 91' lang='lat' dir='ltr'>et</span> <span class='ocrx_word' id='word_1_29' title='bbox 173 583 352 648; x_wconf 89' lang='lat' dir='ltr'>sententiae</span> <span class='ocrx_word' id='word_1_30' title='bbox 376 584 445 647; x_wconf 90' lang='lat' dir='ltr'>eius</span> <span class='ocrx_word' id='word_1_31' title='bbox 469 584 516 648; x_wconf 92' lang='lat' dir='ltr'>sic</span> <span class='ocrx_word' id='word_1_32' title='bbox 540 585 648 665; x_wconf 89' lang='lat' dir='ltr'>erunt,</span> <span class='ocrx_word' id='word_1_33' title='bbox 675 585 843 665; x_wconf 79' lang='lat' dir='ltr'>tamquam</span> <span class='ocrx_word' id='word_1_34' title='bbox 871 580 911 644; x_wconf 91' lang='lat' dir='ltr'>ab</span> <span class='ocrx_word' id='word_1_35' title='bbox 936 602 973 644; x_wconf 88' lang='lat' dir='ltr'>eo</span> <span class='ocrx_word' id='word_1_36' title='bbox 997 581 1125 645; x_wconf 89' lang='lat' dir='ltr'>cunctis</span> 
     </span>
     <span class='ocr_line' id='line_1_6' title="bbox 116 667 1168 754; baseline -0.002 -18"><span class='ocrx_word' id='word_1_37' title='bbox 116 671 303 737; x_wconf 90' lang='lat' dir='ltr'>hominibus</span> <span class='ocrx_word' id='word_1_38' title='bbox 323 671 431 736; x_wconf 86' lang='lat' dir='ltr'>divina</span> <span class='ocrx_word' id='word_1_39' title='bbox 449 672 643 736; x_wconf 90' lang='lat' dir='ltr'>documenta</span> <span class='ocrx_word' id='word_1_40' title='bbox 665 669 878 754; x_wconf 86' lang='lat' dir='ltr'>proferantur.</span> <span class='ocrx_word' id='word_1_41' title='bbox 913 667 988 732; x_wconf 81' lang='lat' dir='ltr'>Erit</span> <span class='ocrx_word' id='word_1_42' title='bbox 1007 673 1127 754; x_wconf 90' lang='lat' dir='ltr'>autem,</span> <span class='ocrx_word' id='word_1_43' title='bbox 1155 694 1168 734; x_wconf 75' lang='grc' dir='ltr'>ι</span> 
     </span>
     <span class='ocr_line' id='line_1_7' title="bbox 118 757 1127 845; baseline -0.001 -21"><span class='ocrx_word' id='word_1_44' title='bbox 118 761 173 845; x_wconf 90' lang='lat' dir='ltr'>qui</span> <span class='ocrx_word' id='word_1_45' title='bbox 197 759 243 825; x_wconf 88' lang='lat' dir='ltr'>sic</span> <span class='ocrx_word' id='word_1_46' title='bbox 267 783 341 826; x_wconf 87' lang='lat' dir='ltr'>eum</span> <span class='ocrx_word' id='word_1_47' title='bbox 363 760 528 844; x_wconf 89' lang='lat' dir='ltr'>habuerit,</span> <span class='ocrx_word' id='word_1_48' title='bbox 555 759 651 824; x_wconf 89' lang='lat' dir='ltr'>fortis</span> <span class='ocrx_word' id='word_1_49' title='bbox 679 780 813 842; x_wconf 85' lang='lat' dir='ltr'>corpore</span> <span class='ocrx_word' id='word_1_50' title='bbox 841 757 957 823; x_wconf 88' lang='lat' dir='ltr'>validis</span> <span class='ocrx_word' id='word_1_51' title='bbox 986 758 1127 823; x_wconf 89' lang='lat' dir='ltr'>ossibus.</span> 
     </span>
     <span class='ocr_line' id='line_1_8' title="bbox 87 846 1129 914; baseline -0.001 -1"><span class='ocrx_word' id='word_1_52' title='bbox 87 849 164 914; x_wconf 76' lang='lat' dir='ltr'>ant</span> <span class='ocrx_word' id='word_1_53' title='bbox 187 853 215 913; x_wconf 92' lang='lat' dir='ltr'>si</span> <span class='ocrx_word' id='word_1_54' title='bbox 239 849 497 914; x_wconf 89' lang='lat' dir='ltr'>coniunctionem</span> <span class='ocrx_word' id='word_1_55' title='bbox 526 871 600 913; x_wconf 91' lang='lat' dir='ltr'>cum</span> <span class='ocrx_word' id='word_1_56' title='bbox 623 852 719 912; x_wconf 84' lang='lat' dir='ltr'>vento</span> <span class='ocrx_word' id='word_1_57' title='bbox 743 846 853 911; x_wconf 87' lang='lat' dir='ltr'>Lunae</span> <span class='ocrx_word' id='word_1_58' title='bbox 878 847 1051 911; x_wconf 89' lang='lat' dir='ltr'>crescentis</span> <span class='ocrx_word' id='word_1_59' title='bbox 1077 868 1129 912; x_wconf 82' lang='lat' dir='ltr'>ex·</span> 
     </span>
     <span class='ocr_line' id='line_1_9' title="bbox 120 935 1128 1022; baseline -0.003 -19"><span class='ocrx_word' id='word_1_60' title='bbox 120 938 255 1022; x_wconf 88' lang='lat' dir='ltr'>ceperit,</span> <span class='ocrx_word' id='word_1_61' title='bbox 288 937 481 1001; x_wconf 87' lang='lat' dir='ltr'>divinaet</span> <span class='ocrx_word' id='word_1_62' title='bbox 447 941 545 1021; x_wconf 90' lang='lat' dir='ltr'>atque</span> <span class='ocrx_word' id='word_1_63' title='bbox 577 936 761 1001; x_wconf 88' lang='lat' dir='ltr'>inmortalis</span> <span class='ocrx_word' id='word_1_64' title='bbox 793 957 894 1020; x_wconf 88' lang='lat' dir='ltr'>paene</span> <span class='ocrx_word' id='word_1_65' title='bbox 924 935 1128 1000; x_wconf 89' lang='lat' dir='ltr'>substantiae</span> 
     </span>
     <span class='ocr_line' id='line_1_10' title="bbox 119 1023 1128 1110; baseline -0.001 -19"><span class='ocrx_word' id='word_1_66' title='bbox 119 1025 267 1091; x_wconf 92' lang='lat' dir='ltr'>homines</span> <span class='ocrx_word' id='word_1_67' title='bbox 291 1026 485 1109; x_wconf 80' lang='lat' dir='ltr'>procreabit.</span> <span class='ocrx_word' id='word_1_68' title='bbox 523 1023 625 1110; x_wconf 90' lang='lat' dir='ltr'>Oport</span> <span class='ocrx_word' id='word_1_69' title='bbox 611 1029 659 1089; x_wconf 90' lang='lat' dir='ltr'>tet</span> <span class='ocrx_word' id='word_1_70' title='bbox 683 1028 739 1089; x_wconf 90' lang='lat' dir='ltr'>aut</span> <span class='ocrx_word' id='word_1_71' title='bbox 740 1047 792 1088; x_wconf 93' lang='lat' dir='ltr'>em</span> <span class='ocrx_word' id='word_1_72' title='bbox 815 1046 942 1108; x_wconf 85' lang='lat' dir='ltr'>semper</span> <span class='ocrx_word' id='word_1_73' title='bbox 962 1024 1075 1109; x_wconf 85' lang='lat' dir='ltr'>†eum,</span> <span class='ocrx_word' id='word_1_74' title='bbox 1100 1026 1128 1090; x_wconf 91' lang='lat' dir='ltr'>si</span> 
     </span>
     <span class='ocr_line' id='line_1_11' title="bbox 119 1111 1169 1215; baseline -0.001 -36"><span class='ocrx_word' id='word_1_75' title='bbox 119 1115 167 1179; x_wconf 90' lang='lat' dir='ltr'>sic</span> <span class='ocrx_word' id='word_1_76' title='bbox 185 1113 333 1197; x_wconf 80' lang='lat' dir='ltr'>Iuppiter·</span> <span class='ocrx_word' id='word_1_77' title='bbox 350 1113 450 1179; x_wconf 88' lang='lat' dir='ltr'>fuerit</span> <span class='ocrx_word' id='word_1_78' title='bbox 469 1114 608 1179; x_wconf 90' lang='lat' dir='ltr'>collocat</span> <span class='ocrx_word' id='word_1_79' title='bbox 594 1118 656 1195; x_wconf 90' lang='lat' dir='ltr'>tus,</span> <span class='ocrx_word' id='word_1_80' title='bbox 667 1134 747 1215; x_wconf 80' lang='lat' dir='ltr'>quo</span> <span class='ocrx_word' id='word_1_81' title='bbox 762 1118 859 1178; x_wconf 89' lang='lat' dir='ltr'>vento</span> <span class='ocrx_word' id='word_1_82' title='bbox 883 1135 1014 1177; x_wconf 86' lang='lat' dir='ltr'>currens</span> <span class='ocrx_word' id='word_1_83' title='bbox 1034 1111 1169 1178; x_wconf 83' lang='lat' dir='ltr'>Lunam</span> 
     </span>
     <span class='ocr_line' id='line_1_12' title="bbox 120 1195 1129 1287; baseline 0 -21"><span class='ocrx_word' id='word_1_84' title='bbox 120 1202 160 1266; x_wconf 89' lang='lat' dir='ltr'>ad</span> <span class='ocrx_word' id='word_1_85' title='bbox 189 1225 263 1267; x_wconf 89' lang='lat' dir='ltr'>eum</span> <span class='ocrx_word' id='word_1_86' title='bbox 291 1195 376 1266; x_wconf 87' lang='lat' dir='ltr'>ferat</span> <span class='ocrx_word' id='word_1_87' title='bbox 361 1205 428 1286; x_wconf 87' lang='lat' dir='ltr'>tur;</span> <span class='ocrx_word' id='word_1_88' title='bbox 461 1202 592 1267; x_wconf 89' lang='lat' dir='ltr'>difficile</span> <span class='ocrx_word' id='word_1_89' title='bbox 625 1201 711 1282; x_wconf 89' lang='lat' dir='ltr'>enim</span> <span class='ocrx_word' id='word_1_90' title='bbox 737 1201 803 1266; x_wconf 92' lang='lat' dir='ltr'>ista</span> <span class='ocrx_word' id='word_1_91' title='bbox 829 1201 913 1266; x_wconf 90' lang='lat' dir='ltr'>ratio</span> <span class='ocrx_word' id='word_1_92' title='bbox 945 1201 1129 1287; x_wconf 85' lang='lat' dir='ltr'>colligetur.</span> 
     </span>
     <span class='ocr_line' id='line_1_13' title="bbox 120 1290 1129 1375; baseline 0.001 -20"><span class='ocrx_word' id='word_1_93' title='bbox 120 1290 252 1356; x_wconf 88' lang='lat' dir='ltr'>Nam&#39;</span> <span class='ocrx_word' id='word_1_94' title='bbox 227 1313 255 1355; x_wconf 87' lang='lat' dir='ltr'>s1</span> <span class='ocrx_word' id='word_1_95' title='bbox 272 1292 308 1355; x_wconf 93' lang='lat' dir='ltr'>in</span> <span class='ocrx_word' id='word_1_96' title='bbox 326 1291 474 1375; x_wconf 91' lang='lat' dir='ltr'>aquilone</span> <span class='ocrx_word' id='word_1_97' title='bbox 494 1292 673 1356; x_wconf 90' lang='lat' dir='ltr'>constituto</span> <span class='ocrx_word' id='word_1_98' title='bbox 690 1291 768 1355; x_wconf 88' lang='lat' dir='ltr'>Iove</span> <span class='ocrx_word' id='word_1_99' title='bbox 787 1312 826 1354; x_wconf 87' lang='lat' dir='ltr'>ex</span> <span class='ocrx_word' id='word_1_100' title='bbox 844 1294 955 1355; x_wconf 89' lang='lat' dir='ltr'>austro</span> <span class='ocrx_word' id='word_1_101' title='bbox 975 1291 1129 1356; x_wconf 81' lang='lat' dir='ltr'>recedens</span> 
     </span>
     <span class='ocr_line' id='line_1_14' title="bbox 120 1379 1130 1481; baseline 0 -37"><span class='ocrx_word' id='word_1_102' title='bbox 120 1379 213 1444; x_wconf 90' lang='lat' dir='ltr'>Luna</span> <span class='ocrx_word' id='word_1_103' title='bbox 236 1381 393 1445; x_wconf 80' lang='lat' dir='ltr'>crescenti</span> <span class='ocrx_word' id='word_1_104' title='bbox 416 1402 453 1445; x_wconf 90' lang='lat' dir='ltr'>ao</span> <span class='ocrx_word' id='word_1_105' title='bbox 471 1381 566 1465; x_wconf 93' lang='lat' dir='ltr'>pleno</span> <span class='ocrx_word' id='word_1_106' title='bbox 586 1380 708 1444; x_wconf 90' lang='lat' dir='ltr'>lumine</span> <span class='ocrx_word' id='word_1_107' title='bbox 730 1402 763 1444; x_wconf 91' lang='lat' dir='ltr'>se</span> <span class='ocrx_word' id='word_1_108' title='bbox 782 1379 963 1464; x_wconf 52' lang='lat' dir='ltr'>iunxerits</span> <span class='ocrx_word' id='word_1_109' title='bbox 954 1400 989 1442; x_wconf 89' lang='lat' dir='ltr'>m</span> <span class='ocrx_word' id='word_1_110' title='bbox 1013 1379 1130 1481; x_wconf 82' lang='lat' dir='ltr'>quinto</span> 
     </span>
     <span class='ocr_line' id='line_1_15' title="bbox 120 1467 1131 1553; baseline -0.003 -20"><span class='ocrx_word' id='word_1_111' title='bbox 120 1469 245 1534; x_wconf 89' lang='lat' dir='ltr'>scilicet</span> <span class='ocrx_word' id='word_1_112' title='bbox 259 1469 335 1533; x_wconf 84' lang='lat' dir='ltr'>Iove</span> <span class='ocrx_word' id='word_1_113' title='bbox 353 1469 426 1534; x_wconf 92' lang='lat' dir='ltr'>loco</span> <span class='ocrx_word' id='word_1_114' title='bbox 441 1468 482 1533; x_wconf 88' lang='lat' dir='ltr'>ab</span> <span class='ocrx_word' id='word_1_115' title='bbox 496 1468 678 1551; x_wconf 91' lang='lat' dir='ltr'>horoscopo</span> <span class='ocrx_word' id='word_1_116' title='bbox 699 1468 857 1533; x_wconf 91' lang='lat' dir='ltr'>constitt</span> <span class='ocrx_word' id='word_1_117' title='bbox 820 1491 841 1532; x_wconf 93' lang='lat' dir='ltr'>u</span> <span class='ocrx_word' id='word_1_118' title='bbox 859 1489 878 1533; x_wconf 96' lang='lat' dir='ltr'>o</span> <span class='ocrx_word' id='word_1_119' title='bbox 897 1471 930 1532; x_wconf 92' lang='lat' dir='ltr'>et</span> <span class='ocrx_word' id='word_1_120' title='bbox 915 1467 1041 1532; x_wconf 91' lang='lat' dir='ltr'>this</span> <span class='ocrx_word' id='word_1_121' title='bbox 1015 1468 1131 1553; x_wconf 86' lang='lat' dir='ltr'>srgnis,</span> 
     </span>
     <span class='ocr_line' id='line_1_16' title="bbox 121 1555 1169 1642; baseline 0 -20"><span class='ocrx_word' id='word_1_122' title='bbox 121 1557 239 1642; x_wconf 89' lang='lat' dir='ltr'>quibus</span> <span class='ocrx_word' id='word_1_123' title='bbox 263 1558 392 1642; x_wconf 85' lang='lat' dir='ltr'>gaudet,</span> <span class='ocrx_word' id='word_1_124' title='bbox 414 1558 465 1622; x_wconf 88' lang='lat' dir='ltr'>vel</span> <span class='ocrx_word' id='word_1_125' title='bbox 488 1556 522 1622; x_wconf 92' lang='lat' dir='ltr'>in</span> <span class='ocrx_word' id='word_1_126' title='bbox 545 1556 718 1622; x_wconf 89' lang='lat' dir='ltr'>domiciliis</span> <span class='ocrx_word' id='word_1_127' title='bbox 742 1557 809 1621; x_wconf 91' lang='lat' dir='ltr'>suis</span> <span class='ocrx_word' id='word_1_128' title='bbox 832 1557 884 1621; x_wconf 88' lang='lat' dir='ltr'>vel</span> <span class='ocrx_word' id='word_1_129' title='bbox 902 1556 937 1620; x_wconf 93' lang='lat' dir='ltr'>in</span> <span class='ocrx_word' id='word_1_130' title='bbox 956 1555 1130 1622; x_wconf 87' lang='lat' dir='ltr'>altitudine</span> <span class='ocrx_word' id='word_1_131' title='bbox 1144 1581 1169 1622; x_wconf 88' lang='lat'>15</span> 
     </span>
     <span class='ocr_line' id='line_1_17' title="bbox 121 1645 1132 1729; baseline 0.001 -18"><span class='ocrx_word' id='word_1_132' title='bbox 121 1669 179 1711; x_wconf 88' lang='lat' dir='ltr'>sua</span> <span class='ocrx_word' id='word_1_133' title='bbox 207 1669 265 1729; x_wconf 90' lang='lat' dir='ltr'>per</span> <span class='ocrx_word' id='word_1_134' title='bbox 292 1646 378 1711; x_wconf 93' lang='lat' dir='ltr'>diem</span> <span class='ocrx_word' id='word_1_135' title='bbox 406 1648 586 1725; x_wconf 83' lang='lat' dir='ltr'>dumtaxat,</span> <span class='ocrx_word' id='word_1_136' title='bbox 613 1645 711 1710; x_wconf 85' lang='lat' dir='ltr'>faciet</span> <span class='ocrx_word' id='word_1_137' title='bbox 738 1646 877 1710; x_wconf 83' lang='lat' dir='ltr'>invictos</span> <span class='ocrx_word' id='word_1_138' title='bbox 905 1645 1132 1728; x_wconf 88' lang='lat' dir='ltr'>imperatores,</span> 
     </span>
     <span class='ocr_line' id='line_1_18' title="bbox 121 1735 1132 1821; baseline 0 -22"><span class='ocrx_word' id='word_1_139' title='bbox 121 1737 154 1799; x_wconf 89' lang='lat' dir='ltr'>et</span> <span class='ocrx_word' id='word_1_140' title='bbox 183 1735 238 1818; x_wconf 93' lang='lat' dir='ltr'>qui</span> <span class='ocrx_word' id='word_1_141' title='bbox 266 1735 367 1800; x_wconf 90' lang='lat' dir='ltr'>totius</span> <span class='ocrx_word' id='word_1_142' title='bbox 397 1735 485 1800; x_wconf 91' lang='lat' dir='ltr'>orbis</span> <span class='ocrx_word' id='word_1_143' title='bbox 514 1735 733 1821; x_wconf 83' lang='lat' dir='ltr'>gubernacula</span> <span class='ocrx_word' id='word_1_144' title='bbox 761 1738 907 1815; x_wconf 82' lang='lat' dir='ltr'>teneant,</span> <span class='ocrx_word' id='word_1_145' title='bbox 937 1735 1132 1817; x_wconf 87' lang='lat' dir='ltr'>praesertim</span> 
     </span>
     <span class='ocr_line' id='line_1_19' title="bbox 121 1821 1133 1908; baseline -0.001 -20"><span class='ocrx_word' id='word_1_146' title='bbox 121 1823 150 1888; x_wconf 92' lang='lat' dir='ltr'>si</span> <span class='ocrx_word' id='word_1_147' title='bbox 169 1824 216 1888; x_wconf 93' lang='lat' dir='ltr'>sic</span> <span class='ocrx_word' id='word_1_148' title='bbox 230 1822 307 1888; x_wconf 87' lang='lat' dir='ltr'>Iove</span> <span class='ocrx_word' id='word_1_149' title='bbox 327 1824 486 1889; x_wconf 88' lang='lat' dir='ltr'>collocato</span> <span class='ocrx_word' id='word_1_150' title='bbox 505 1825 539 1888; x_wconf 92' lang='lat' dir='ltr'>in</span> <span class='ocrx_word' id='word_1_151' title='bbox 552 1823 604 1888; x_wconf 83' lang='lat' dir='ltr'>his</span> <span class='ocrx_word' id='word_1_152' title='bbox 620 1821 676 1888; x_wconf 82' lang='lat' dir='ltr'>Sol</span> <span class='ocrx_word' id='word_1_153' title='bbox 691 1821 804 1908; x_wconf 85' lang='lat' dir='ltr'>signis,</span> <span class='ocrx_word' id='word_1_154' title='bbox 822 1822 856 1886; x_wconf 90' lang='lat' dir='ltr'>in</span> <span class='ocrx_word' id='word_1_155' title='bbox 872 1822 989 1906; x_wconf 92' lang='lat' dir='ltr'>quibus</span> <span class='ocrx_word' id='word_1_156' title='bbox 1009 1824 1133 1907; x_wconf 80' lang='lat' dir='ltr'>gaudet</span> 
     </span>
     <span class='ocr_line' id='line_1_20' title="bbox 119 1910 1134 1998; baseline 0.003 -23"><span class='ocrx_word' id='word_1_157' title='bbox 119 1912 171 1976; x_wconf 87' lang='lat' dir='ltr'>vel</span> <span class='ocrx_word' id='word_1_158' title='bbox 190 1911 224 1976; x_wconf 91' lang='lat' dir='ltr'>in</span> <span class='ocrx_word' id='word_1_159' title='bbox 244 1913 360 1998; x_wconf 90' lang='lat' dir='ltr'>quibus</span> <span class='ocrx_word' id='word_1_160' title='bbox 380 1914 502 1977; x_wconf 87' lang='lat' dir='ltr'>exaltat</span> <span class='ocrx_word' id='word_1_161' title='bbox 488 1916 551 1995; x_wconf 89' lang='lat' dir='ltr'>t,ur</span> <span class='ocrx_word' id='word_1_162' title='bbox 574 1912 736 1998; x_wconf 84' lang='lat' dir='ltr'>trigonica</span> <span class='ocrx_word' id='word_1_163' title='bbox 755 1933 789 1974; x_wconf 89' lang='lat' dir='ltr'>se</span> <span class='ocrx_word' id='word_1_164' title='bbox 808 1911 838 1975; x_wconf 96' lang='lat' dir='ltr'>ei</span> <span class='ocrx_word' id='word_1_165' title='bbox 855 1910 1037 1975; x_wconf 89' lang='lat' dir='ltr'>radiatione</span> <span class='ocrx_word' id='word_1_166' title='bbox 1058 1933 1134 1977; x_wconf 89' lang='lat' dir='ltr'>con-</span> 
     </span>
     <span class='ocr_line' id='line_1_21' title="bbox 120 1998 1172 2085; baseline 0.002 -20"><span class='ocrx_word' id='word_1_167' title='bbox 120 2001 272 2066; x_wconf 84' lang='lat' dir='ltr'>iunxerit.</span> <span class='ocrx_word' id='word_1_168' title='bbox 249 1999 445 2066; x_wconf 82' lang='lat' dir='ltr'>tGaudet</span> <span class='ocrx_word' id='word_1_169' title='bbox 478 2006 533 2066; x_wconf 88' lang='lat' dir='ltr'>aut</span> <span class='ocrx_word' id='word_1_170' title='bbox 535 2023 586 2065; x_wconf 91' lang='lat' dir='ltr'>em</span> <span class='ocrx_word' id='word_1_171' title='bbox 615 2023 673 2085; x_wconf 89' lang='lat' dir='ltr'>per</span> <span class='ocrx_word' id='word_1_172' title='bbox 700 2001 786 2065; x_wconf 87' lang='lat' dir='ltr'>diem</span> <span class='ocrx_word' id='word_1_173' title='bbox 815 1998 901 2064; x_wconf 81' lang='lat' dir='ltr'>Solis</span> <span class='ocrx_word' id='word_1_174' title='bbox 932 2021 969 2065; x_wconf 90' lang='lat' dir='ltr'>ac</span> <span class='ocrx_word' id='word_1_175' title='bbox 997 1999 1055 2064; x_wconf 87' lang='lat' dir='ltr'>Sat</span> <span class='ocrx_word' id='word_1_176' title='bbox 1041 2002 1172 2067; x_wconf 71' lang='lat' dir='ltr'>turnino</span> 
     </span>
     <span class='ocr_line' id='line_1_22' title="bbox 121 2087 1134 2174; baseline 0.002 -21"><span class='ocrx_word' id='word_1_177' title='bbox 121 2089 237 2153; x_wconf 87' lang='lat' dir='ltr'>radiat</span> <span class='ocrx_word' id='word_1_178' title='bbox 213 2094 301 2154; x_wconf 86' lang='lat' dir='ltr'>trone</span> <span class='ocrx_word' id='word_1_179' title='bbox 326 2091 462 2155; x_wconf 87' lang='lat' dir='ltr'>adornat</span> <span class='ocrx_word' id='word_1_180' title='bbox 448 2095 514 2169; x_wconf 85' lang='lat' dir='ltr'>tus,</span> <span class='ocrx_word' id='word_1_181' title='bbox 542 2089 734 2174; x_wconf 87' lang='lat' dir='ltr'>praesertim</span> <span class='ocrx_word' id='word_1_182' title='bbox 760 2089 788 2152; x_wconf 91' lang='lat' dir='ltr'>si</span> <span class='ocrx_word' id='word_1_183' title='bbox 810 2088 845 2152; x_wconf 95' lang='lat' dir='ltr'>in</span> <span class='ocrx_word' id='word_1_184' title='bbox 868 2087 1030 2153; x_wconf 88' lang='lat' dir='ltr'>matutino</span> <span class='ocrx_word' id='word_1_185' title='bbox 1055 2095 1134 2155; x_wconf 88' lang='lat' dir='ltr'>ortu</span> 
     </span>
     <span class='ocr_line' id='line_1_23' title="bbox 71 2141 1134 2262; baseline 0.001 -21"><span class='ocrx_word' id='word_1_186' title='bbox 71 2177 112 2241; x_wconf 91' lang='lat'>10</span> <span class='ocrx_word' id='word_1_187' title='bbox 123 2177 222 2242; x_wconf 86' lang='lat' dir='ltr'>fuent</span> <span class='ocrx_word' id='word_1_188' title='bbox 245 2183 350 2243; x_wconf 82' lang='lat' dir='ltr'>consti</span> <span class='ocrx_word' id='word_1_189' title='bbox 339 2180 453 2243; x_wconf 83' lang='lat' dir='ltr'>it.utus</span> <span class='ocrx_word' id='word_1_190' title='bbox 499 2141 671 2255; x_wconf 81' lang='lat' dir='ltr'>Quodsi</span> <span class='ocrx_word' id='word_1_191' title='bbox 646 2199 692 2243; x_wconf 80' lang='lat' dir='ltr'>sic</span> <span class='ocrx_word' id='word_1_192' title='bbox 715 2177 803 2261; x_wconf 90' lang='lat' dir='ltr'>posit</span> <span class='ocrx_word' id='word_1_193' title='bbox 804 2200 842 2242; x_wconf 93' lang='lat' dir='ltr'>us</span> <span class='ocrx_word' id='word_1_194' title='bbox 865 2178 1020 2262; x_wconf 90' lang='lat' dir='ltr'>Iuppiter,</span> <span class='ocrx_word' id='word_1_195' title='bbox 1045 2178 1134 2244; x_wconf 90' lang='lat' dir='ltr'>sicut</span> 
     </span>
     <span class='ocr_line' id='line_1_24' title="bbox 122 2266 1134 2350; baseline 0.003 -20"><span class='ocrx_word' id='word_1_196' title='bbox 122 2266 271 2350; x_wconf 87' lang='lat' dir='ltr'>diximus,</span> <span class='ocrx_word' id='word_1_197' title='bbox 296 2267 497 2333; x_wconf 89' lang='lat' dir='ltr'>deficientem</span> <span class='ocrx_word' id='word_1_198' title='bbox 521 2267 682 2350; x_wconf 87' lang='lat' dir='ltr'>exceperit</span> <span class='ocrx_word' id='word_1_199' title='bbox 705 2266 839 2349; x_wconf 89' lang='lat' dir='ltr'>Lunam,</span> <span class='ocrx_word' id='word_1_200' title='bbox 862 2267 959 2331; x_wconf 89' lang='lat' dir='ltr'>faciet</span> <span class='ocrx_word' id='word_1_201' title='bbox 982 2266 1134 2333; x_wconf 86' lang='lat' dir='ltr'>honestis</span> 
     </span>
     <span class='ocr_line' id='line_1_25' title="bbox 122 2355 1135 2441; baseline 0.002 -23"><span class='ocrx_word' id='word_1_202' title='bbox 122 2355 268 2419; x_wconf 89' lang='lat' dir='ltr'>moribus</span> <span class='ocrx_word' id='word_1_203' title='bbox 291 2355 438 2420; x_wconf 91' lang='lat' dir='ltr'>homines</span> <span class='ocrx_word' id='word_1_204' title='bbox 468 2360 501 2420; x_wconf 89' lang='lat' dir='ltr'>et</span> <span class='ocrx_word' id='word_1_205' title='bbox 526 2355 670 2420; x_wconf 88' lang='lat' dir='ltr'>moderat</span> <span class='ocrx_word' id='word_1_206' title='bbox 658 2361 709 2418; x_wconf 88' lang='lat' dir='ltr'>tae</span> <span class='ocrx_word' id='word_1_207' title='bbox 733 2355 874 2439; x_wconf 82' lang='lat' dir='ltr'>dignit</span> <span class='ocrx_word' id='word_1_208' title='bbox 840 2377 859 2418; x_wconf 91' lang='lat' dir='ltr'>a</span> <span class='ocrx_word' id='word_1_209' title='bbox 875 2356 903 2420; x_wconf 92' lang='lat' dir='ltr'>is</span> <span class='ocrx_word' id='word_1_210' title='bbox 927 2355 1034 2441; x_wconf 82' lang='lat' dir='ltr'>gratia</span> <span class='ocrx_word' id='word_1_211' title='bbox 1058 2356 1135 2420; x_wconf 89' lang='lat' dir='ltr'>sub-</span> 
     </span>
     <span class='ocr_line' id='line_1_26' title="bbox 123 2444 1174 2528; baseline 0.004 -22"><span class='ocrx_word' id='word_1_212' title='bbox 123 2444 248 2507; x_wconf 88' lang='lat' dir='ltr'>levatos</span> <span class='ocrx_word' id='word_1_213' title='bbox 276 2448 309 2507; x_wconf 91' lang='lat' dir='ltr'>et</span> <span class='ocrx_word' id='word_1_214' title='bbox 332 2444 449 2527; x_wconf 90' lang='lat' dir='ltr'>quibus</span> <span class='ocrx_word' id='word_1_215' title='bbox 472 2465 649 2527; x_wconf 88' lang='lat' dir='ltr'>numquam</span> <span class='ocrx_word' id='word_1_216' title='bbox 678 2465 711 2507; x_wconf 91' lang='lat' dir='ltr'>se</span> <span class='ocrx_word' id='word_1_217' title='bbox 743 2464 823 2508; x_wconf 94' lang='lat' dir='ltr'>onus</span> <span class='ocrx_word' id='word_1_218' title='bbox 851 2444 1055 2528; x_wconf 82' lang='lat' dir='ltr'>paupertatis</span> <span class='ocrx_word' id='word_1_219' title='bbox 1084 2445 1133 2510; x_wconf 90' lang='lat' dir='ltr'>in·</span> <span class='ocrx_word' id='word_1_220' title='bbox 1149 2471 1174 2512; x_wconf 77' lang='lat' dir='ltr'>se</span> 
     </span>
     <span class='ocr_line' id='line_1_27' title="bbox 122 2531 1135 2615; baseline 0.004 -21"><span class='ocrx_word' id='word_1_221' title='bbox 122 2535 232 2615; x_wconf 88' lang='lat' dir='ltr'>ponat.</span> <span class='ocrx_word' id='word_1_222' title='bbox 278 2531 400 2607; x_wconf 82' lang='lat' dir='ltr'>Quodsi</span> <span class='ocrx_word' id='word_1_223' title='bbox 424 2532 471 2596; x_wconf 90' lang='lat' dir='ltr'>sic</span> <span class='ocrx_word' id='word_1_224' title='bbox 493 2533 602 2615; x_wconf 92' lang='lat' dir='ltr'>posito</span> <span class='ocrx_word' id='word_1_225' title='bbox 627 2532 703 2596; x_wconf 90' lang='lat' dir='ltr'>Iove</span> <span class='ocrx_word' id='word_1_226' title='bbox 729 2532 799 2597; x_wconf 90' lang='lat' dir='ltr'>sine</span> <span class='ocrx_word' id='word_1_227' title='bbox 824 2532 1049 2598; x_wconf 88' lang='lat' dir='ltr'>coniunctione</span> <span class='ocrx_word' id='word_1_228' title='bbox 1074 2534 1135 2598; x_wconf 88' lang='lat' dir='ltr'>illa</span> 
     </span>
     <span class='ocr_line' id='line_1_28' title="bbox 122 2619 1135 2705; baseline 0.003 -22"><span class='ocrx_word' id='word_1_229' title='bbox 122 2624 307 2697; x_wconf 83' lang='lat' dir='ltr'>uentorum,</span> <span class='ocrx_word' id='word_1_230' title='bbox 335 2642 432 2704; x_wconf 91' lang='lat' dir='ltr'>quam</span> <span class='ocrx_word' id='word_1_231' title='bbox 461 2620 615 2703; x_wconf 87' lang='lat' dir='ltr'>diximus,</span> <span class='ocrx_word' id='word_1_232' title='bbox 643 2642 788 2686; x_wconf 87' lang='lat' dir='ltr'>crescens</span> <span class='ocrx_word' id='word_1_233' title='bbox 818 2642 852 2686; x_wconf 87' lang='lat' dir='ltr'>se</span> <span class='ocrx_word' id='word_1_234' title='bbox 875 2619 967 2687; x_wconf 84' lang='lat' dir='ltr'>Luna</span> <span class='ocrx_word' id='word_1_235' title='bbox 990 2620 1135 2705; x_wconf 88' lang='lat' dir='ltr'>simplici</span> 
     </span>
     <span class='ocr_line' id='line_1_29' title="bbox 122 2707 1135 2794; baseline 0.004 -22"><span class='ocrx_word' id='word_1_236' title='bbox 122 2708 248 2773; x_wconf 87' lang='lat' dir='ltr'>ratione</span> <span class='ocrx_word' id='word_1_237' title='bbox 272 2707 485 2792; x_wconf 84' lang='lat' dir='ltr'>coniunxerit,</span> <span class='ocrx_word' id='word_1_238' title='bbox 512 2708 610 2774; x_wconf 84' lang='lat' dir='ltr'>faciet</span> <span class='ocrx_word' id='word_1_239' title='bbox 632 2709 912 2774; x_wconf 88' lang='lat' dir='ltr'>administratores</span> <span class='ocrx_word' id='word_1_240' title='bbox 937 2709 1135 2794; x_wconf 86' lang='lat' dir='ltr'>consulares,</span> 
     </span>
     <span class='ocr_line' id='line_1_30' title="bbox 122 2797 1135 2883; baseline 0.003 -22"><span class='ocrx_word' id='word_1_241' title='bbox 122 2797 309 2882; x_wconf 89' lang='lat' dir='ltr'>frequenter</span> <span class='ocrx_word' id='word_1_242' title='bbox 341 2798 439 2863; x_wconf 89' lang='lat' dir='ltr'>etiam</span> <span class='ocrx_word' id='word_1_243' title='bbox 472 2799 621 2864; x_wconf 90' lang='lat' dir='ltr'>consules</span> <span class='ocrx_word' id='word_1_244' title='bbox 655 2799 848 2883; x_wconf 90' lang='lat' dir='ltr'>ordinarios,</span> <span class='ocrx_word' id='word_1_245' title='bbox 880 2798 1075 2882; x_wconf 89' lang='lat' dir='ltr'>praesertim</span> <span class='ocrx_word' id='word_1_246' title='bbox 1104 2800 1135 2864; x_wconf 90' lang='lat' dir='ltr'>si</span> 
     </span>
    </p>
   </div>
   <div class='ocr_carea' id='block_1_3' title="bbox 30 3024 1138 3578">
    <p class='ocr_par' dir='ltr' id='par_1_3' title="bbox 213 3024 1137 3096">
     <span class='ocr_line' id='line_1_31' title="bbox 213 3024 1137 3096; baseline 0.003 -17"><span class='ocrx_word' id='word_1_247' title='bbox 213 3024 388 3080; x_wconf 86' lang='lat' dir='ltr'>laffiuentis</span> <span class='ocrx_word' id='word_1_248' title='bbox 408 3026 466 3096; x_wconf 89' lang='lat' dir='ltr'>(afl</span> <span class='ocrx_word' id='word_1_249' title='bbox 485 3028 550 3096; x_wconf 78' lang='lat' dir='ltr'>PB),</span> <span class='ocrx_word' id='word_1_250' title='bbox 569 3042 637 3081; x_wconf 81' lang='grc' dir='ltr'>ιοιι.</span> <span class='ocrx_word' id='word_1_251' title='bbox 657 3028 834 3095; x_wconf 66' lang='lat' dir='ltr'>sternutus,</span> <span class='ocrx_word' id='word_1_252' title='bbox 853 3042 920 3080; x_wconf 80' lang='lat' dir='ltr'>corr.</span> <span class='ocrx_word' id='word_1_253' title='bbox 940 3025 969 3078; x_wconf 77' lang='lat' dir='ltr'>A‘</span> <span class='ocrx_word' id='word_1_254' title='bbox 1057 3026 1137 3082; x_wconf 74' lang='lat' dir='ltr'>asic</span> 
     </span>
    </p>

    <p class='ocr_par' dir='ltr' id='par_1_4' title="bbox 119 3095 1137 3168">
     <span class='ocr_line' id='line_1_32' title="bbox 119 3095 1137 3168; baseline 0.001 -15"><span class='ocrx_word' id='word_1_255' title='bbox 119 3099 202 3168; x_wconf 78' lang='lat' dir='ltr'>prius</span> <span class='ocrx_word' id='word_1_256' title='bbox 220 3114 270 3153; x_wconf 86' lang='lat' dir='ltr'>om</span> <span class='ocrx_word' id='word_1_257' title='bbox 289 3103 316 3150; x_wconf 74' lang='grc'>11</span> <span class='ocrx_word' id='word_1_258' title='bbox 378 3096 578 3165; x_wconf 68' lang='grc' dir='ltr'>ιιιοιιιιιιιοιιι,</span> <span class='ocrx_word' id='word_1_259' title='bbox 597 3114 665 3152; x_wconf 79' lang='lat' dir='ltr'>corr.</span> <span class='ocrx_word' id='word_1_260' title='bbox 685 3117 702 3150; x_wconf 84' lang='grc' dir='ltr'><em>κ</em></span> <span class='ocrx_word' id='word_1_261' title='bbox 765 3095 866 3150; x_wconf 86' lang='lat' dir='ltr'>6forti</span> <span class='ocrx_word' id='word_1_262' title='bbox 884 3114 901 3149; x_wconf 80' lang='lat' dir='ltr'>s</span> <span class='ocrx_word' id='word_1_263' title='bbox 962 3097 1137 3154; x_wconf 68' lang='lat' dir='ltr'>educentis</span> 
     </span>
    </p>

    <p class='ocr_par' dir='ltr' id='par_1_5' title="bbox 122 3141 1135 3257">
     <span class='ocr_line' id='line_1_33' title="bbox 122 3141 1135 3257; baseline -0.002 -32"><span class='ocrx_word' id='word_1_264' title='bbox 122 3171 209 3225; x_wconf 80' lang='lat' dir='ltr'>dicere</span> <span class='ocrx_word' id='word_1_265' title='bbox 227 3170 367 3257; x_wconf 67' lang='lat' dir='ltr'>pepleccit,</span> <span class='ocrx_word' id='word_1_266' title='bbox 379 3170 414 3235; x_wconf 77' lang='lat' dir='ltr'>cf.</span> <span class='ocrx_word' id='word_1_267' title='bbox 438 3169 498 3223; x_wconf 83' lang='lat' dir='ltr'>Vel</span> <span class='ocrx_word' id='word_1_268' title='bbox 517 3141 588 3223; x_wconf 81' lang='lat'><strong><em>11&#39;3</em></strong></span> <span class='ocrx_word' id='word_1_269' title='bbox 678 3174 822 3237; x_wconf 66' lang='lat' dir='ltr'>‘asemper</span> <span class='ocrx_word' id='word_1_270' title='bbox 840 3167 986 3221; x_wconf 86' lang='lat' dir='ltr'>observare</span> <span class='ocrx_word' id='word_1_271' title='bbox 1009 3169 1051 3222; x_wconf 85' lang='lat' dir='ltr'>cel</span> <span class='ocrx_word' id='word_1_272' title='bbox 1073 3170 1135 3223; x_wconf 73' lang='lat' dir='ltr'>sisa</span> 
     </span>
    </p>

    <p class='ocr_par' dir='ltr' id='par_1_6' title="bbox 124 3237 1136 3314">
     <span class='ocr_line' id='line_1_34' title="bbox 124 3237 1136 3314; baseline -0.002 -20"><span class='ocrx_word' id='word_1_273' title='bbox 124 3246 155 3294; x_wconf 90' lang='lat'>11</span> <span class='ocrx_word' id='word_1_274' title='bbox 176 3239 367 3310; x_wconf 70' lang='lat' dir='ltr'>colligiturn&#39;</span> <span class='ocrx_word' id='word_1_275' title='bbox 451 3245 483 3293; x_wconf 80' lang='lat'>12</span> <span class='ocrx_word' id='word_1_276' title='bbox 502 3237 532 3292; x_wconf 91' lang='lat' dir='ltr'>in</span> <span class='ocrx_word' id='word_1_277' title='bbox 552 3237 723 3307; x_wconf 88' lang='lat' dir='ltr'>aquilone</span> <span class='ocrx_word' id='word_1_278' title='bbox 702 3256 726 3292; x_wconf 91' lang='lat' dir='ltr'>s1</span> <span class='ocrx_word' id='word_1_279' title='bbox 744 3244 771 3290; x_wconf 76' lang='grc' dir='ltr'>Ι</span> <span class='ocrx_word' id='word_1_280' title='bbox 850 3245 883 3292; x_wconf 84' lang='grc'>14</span> <span class='ocrx_word' id='word_1_281' title='bbox 902 3255 995 3308; x_wconf 77' lang='lat' dir='ltr'>nempe</span> <span class='ocrx_word' id='word_1_282' title='bbox 1013 3238 1112 3311; x_wconf 88' lang='lat' dir='ltr'>et(in</span> <span class='ocrx_word' id='word_1_283' title='bbox 1114 3241 1136 3314; x_wconf 84' lang='lat'>&gt;</span> 
     </span>
    </p>

    <p class='ocr_par' dir='ltr' id='par_1_7' title="bbox 30 3308 1137 3382">
     <span class='ocr_line' id='line_1_35' title="bbox 30 3308 1137 3382; baseline 0 -18"><span class='ocrx_word' id='word_1_284' title='bbox 30 3320 33 3327; x_wconf 87' lang='grc'>·</span> <span class='ocrx_word' id='word_1_285' title='bbox 124 3317 156 3365; x_wconf 90' lang='grc'>16</span> <span class='ocrx_word' id='word_1_286' title='bbox 175 3311 296 3365; x_wconf 85' lang='lat' dir='ltr'>inuictos</span> <span class='ocrx_word' id='word_1_287' title='bbox 315 3327 366 3366; x_wconf 85' lang='lat' dir='ltr'>om</span> <span class='ocrx_word' id='word_1_288' title='bbox 380 3316 407 3362; x_wconf 77' lang='grc'>11</span> <span class='ocrx_word' id='word_1_289' title='bbox 461 3316 494 3363; x_wconf 86' lang='grc'>19</span> <span class='ocrx_word' id='word_1_290' title='bbox 513 3309 630 3381; x_wconf 67' lang='lat' dir='ltr'>eiciat]</span> <span class='ocrx_word' id='word_1_291' title='bbox 645 3309 690 3363; x_wconf 87' lang='lat' dir='ltr'>cui</span> <span class='ocrx_word' id='word_1_292' title='bbox 713 3313 717 3379; x_wconf 88' lang='grc' dir='ltr'>Ι</span> <span class='ocrx_word' id='word_1_293' title='bbox 742 3308 891 3364; x_wconf 83' lang='lat' dir='ltr'>rationev</span> <span class='ocrx_word' id='word_1_294' title='bbox 942 3316 975 3362; x_wconf 82' lang='lat'>20</span> <span class='ocrx_word' id='word_1_295' title='bbox 994 3326 1027 3363; x_wconf 83' lang='lat' dir='ltr'>ac</span> <span class='ocrx_word' id='word_1_296' title='bbox 1047 3311 1077 3382; x_wconf 79' lang='grc' dir='ltr'>κ]</span> <span class='ocrx_word' id='word_1_297' title='bbox 1097 3311 1137 3364; x_wconf 84' lang='lat' dir='ltr'>ad</span> 
     </span>
    </p>

    <p class='ocr_par' dir='ltr' id='par_1_8' title="bbox 124 3379 1137 3454">
     <span class='ocr_line' id='line_1_36' title="bbox 124 3379 1137 3454; baseline 0.001 -20"><span class='ocrx_word' id='word_1_298' title='bbox 124 3388 155 3434; x_wconf 82' lang='lat'>21</span> <span class='ocrx_word' id='word_1_299' title='bbox 176 3381 375 3450; x_wconf 87' lang='lat' dir='ltr'>radiationem,</span> <span class='ocrx_word' id='word_1_300' title='bbox 394 3397 460 3436; x_wconf 74' lang='grc' dir='ltr'>σοιν.</span> <span class='ocrx_word' id='word_1_301' title='bbox 481 3379 510 3433; x_wconf 87' lang='grc' dir='ltr'>Δ’</span> <span class='ocrx_word' id='word_1_302' title='bbox 602 3387 636 3433; x_wconf 79' lang='lat'>24</span> <span class='ocrx_word' id='word_1_303' title='bbox 655 3379 799 3454; x_wconf 69' lang='lat' dir='ltr'>gratie?</span> <span class='ocrx_word' id='word_1_304' title='bbox 888 3386 922 3434; x_wconf 76' lang='lat'>25</span> <span class='ocrx_word' id='word_1_305' title='bbox 941 3397 970 3434; x_wconf 89' lang='lat' dir='ltr'>sc</span> <span class='ocrx_word' id='word_1_306' title='bbox 988 3399 1137 3450; x_wconf 89' lang='lat' dir='ltr'>nunquam</span> 
     </span>
    </p>

    <p class='ocr_par' dir='ltr' id='par_1_9' title="bbox 121 3425 1138 3578">
     <span class='ocr_line' id='line_1_37' title="bbox 121 3425 1138 3524; baseline 0 -18"><span class='ocrx_word' id='word_1_307' title='bbox 121 3452 212 3506; x_wconf 91' lang='lat' dir='ltr'>honus</span> <span class='ocrx_word' id='word_1_308' title='bbox 231 3457 258 3504; x_wconf 74' lang='lat'>1</span> <span class='ocrx_word' id='word_1_309' title='bbox 283 3455 287 3522; x_wconf 85' lang='grc' dir='ltr'>Ι</span> <span class='ocrx_word' id='word_1_310' title='bbox 317 3425 466 3522; x_wconf 81' lang='lat' dir='ltr'>inpimitv</span> <span class='ocrx_word' id='word_1_311' title='bbox 492 3451 528 3522; x_wconf 88' lang='grc' dir='ltr'>Ι</span> <span class='ocrx_word' id='word_1_312' title='bbox 520 3454 647 3521; x_wconf 85' lang='lat' dir='ltr'>imponat</span> <span class='ocrx_word' id='word_1_313' title='bbox 635 3451 799 3506; x_wconf 89' lang='lat' dir='ltr'>tnaturale</span> <span class='ocrx_word' id='word_1_314' title='bbox 819 3455 830 3504; x_wconf 87' lang='lat' dir='ltr'>t</span> <span class='ocrx_word' id='word_1_315' title='bbox 849 3452 940 3506; x_wconf 85' lang='lat' dir='ltr'>dnsl’</span> <span class='ocrx_word' id='word_1_316' title='bbox 1012 3457 1046 3506; x_wconf 77' lang='lat'>26</span> <span class='ocrx_word' id='word_1_317' title='bbox 1066 3453 1138 3524; x_wconf 81' lang='lat' dir='ltr'>ulla,</span> 
     </span>
     <span class='ocr_line' id='line_1_38' title="bbox 123 3539 227 3578; baseline -0.019 0"><span class='ocrx_word' id='word_1_318' title='bbox 123 3539 191 3578; x_wconf 80' lang='lat' dir='ltr'>corr.</span> <span class='ocrx_word' id='word_1_319' title='bbox 210 3543 227 3576; x_wconf 80' lang='grc' dir='ltr'><strong><em>κ</em></strong></span> 
     </span>
    </p>
   </div>
   <div class='ocr_carea' id='block_1_4' title="bbox 0 0 1219 3840">
    <p class='ocr_par' dir='ltr' id='par_1_10' title="bbox 0 0 1219 3840">
     <span class='ocr_line' id='line_1_39' title="bbox 0 0 1219 3840; baseline 0 0"><span class='ocrx_word' id='word_1_320' title='bbox 0 0 1219 3840; x_wconf 95' lang='lat' dir='ltr'> </span> 
     </span>
    </p>
   </div>
  </div>
 </body>
</html>
