2416 3840
512 171 550 226 IV
564 177 607 241 21,
622 187 704 227 s-n.
1042 170 1107 237 263

102 340 192 400 eum,
220 317 275 401 qui
299 322 407 382 actum
431 316 587 400 decernit,
615 315 784 381 malivolae
812 315 924 382 stellae
948 316 1036 381 solae
1060 338 1109 382 re·

107 405 281 492 spexerint,
314 406 400 470 vitae
432 405 652 470 humilitatem
687 407 721 469 et
757 404 919 470 subiectos
951 410 1043 470 actus
1077 409 1110 470 et

106 494 283 560 laboriosos
316 495 491 560 decernunt
524 497 557 559 et
588 493 726 558 reddunt
757 493 853 576 tales,
886 493 942 577 qui
969 493 1003 558 in
1029 493 1110 578 ipsis

108 584 231 648 mtibus
255 582 398 648 adsiduis
416 581 586 666 pulsentur
603 581 755 646 infamiis.
797 580 919 658 Quodsi
938 581 1109 647 malivolae

80 672 321 738 retbenivolae
341 671 452 736 stellae
472 671 656 736 decernenti
675 673 784 734 actum
803 669 964 755 aequabili
984 669 1109 736 ratione

109 761 319 845 consentiant,
342 781 453 825 omnes
478 759 587 824 omnia
609 780 668 843 pro
692 780 751 823 sua
773 757 898 823 faciunt
919 762 1037 822 natura
1059 759 1110 824 de·

108 843 268 933 comendi3
286 848 437 913 fortiores
457 870 532 914 vero
552 850 655 931 erunt,
674 847 729 932 qui
748 868 781 912 se
801 847 916 912 maiori
930 846 1110 913 radiatione
1176 880 1178 884 ’

107 938 337 1004 coniunxerint.

193 1026 414 1091 Mercurius.
462 1023 496 1090 Si
520 1025 699 1091 Mercurius
729 1029 838 1090 actum
868 1024 1044 1091 decreverit
1076 1028 1110 1090 et
1141 1025 1161 1089 9

67 1141 94 1181 10
107 1114 203 1180 fuerit
217 1116 252 1180 in
265 1113 499 1200 principalibus
513 1114 593 1180 locis
609 1114 815 1194 constitutus,
830 1114 915 1180 sicut
930 1115 968 1179 de
983 1113 1109 1179 Venere

108 1206 142 1268 et
164 1204 202 1268 de
218 1203 324 1269 Marte
347 1208 423 1269 ante
446 1203 594 1284 diximus,
618 1206 651 1269 et
674 1204 719 1268 sit
737 1204 771 1268 in
790 1225 849 1269 sua
867 1202 1038 1268 altitudine
1058 1203 1109 1268 vel

108 1293 143 1356 in
163 1292 280 1358 finibus
304 1293 371 1358 suis
395 1297 452 1358 aut
475 1293 509 1356 in
528 1294 623 1357 domo
643 1314 710 1375 sua,
729 1291 861 1375 <omnia
879 1315 938 1376 pro
958 1291 1038 1375 sua>
1056 1315 1112 1357 na·

107 1386 182 1445 tura
200 1382 354 1465 decernit3
373 1381 452 1446 facit
471 1381 556 1445 enim
576 1384 633 1445 aut
651 1401 744 1466 reges
764 1385 821 1444 aut
839 1379 998 1444 iudicibus
1016 1401 1109 1462 prae-

108 1470 230 1552 positos
263 1473 320 1535 aut
348 1470 394 1534 eis
422 1469 564 1534 rationes
596 1469 703 1553 regias
737 1468 821 1533 credi
850 1472 907 1533 aut
933 1468 1110 1552 magistros

68 1584 94 1624 rs
108 1558 352 1642 imperatorum,
381 1561 438 1622 aut
459 1557 511 1621 bis
536 1557 657 1622 similes
682 1560 774 1621 actus
798 1558 886 1621 omni
910 1556 1035 1620 ratione
1059 1556 1112 1621 de·

108 1648 210 1711 cernit
233 1648 406 1712 secundum
430 1646 598 1731 signorum
616 1648 766 1709 naturam
786 1648 819 1708 et
838 1666 949 1710 eorum
968 1647 1111 1728 potesta·

106 1738 186 1820 tem,
215 1737 268 1819 qui
296 1736 325 1800 ei
353 1733 578 1799 testimonium
606 1733 850 1798 commodarint.
895 1732 989 1798 Facit
1012 1733 1111 1797 etiam

107 1829 251 1889 oratores
262 1823 442 1890 archiatros
453 1821 699 1887 mathematicos
710 1823 894 1907 astrologos
908 1821 1110 1908 haruspices;

108 1913 164 1977 sed
186 1912 264 1977 haec
286 1934 345 1997 pro
370 1911 538 1997 signorum
560 1913 721 1995 potestate
741 1909 894 1976 decernit.
938 1908 977 1973 ln
996 1908 1109 1974 solidis
1122 1909 1164 1976 10

66 2027 93 2065 ao
108 2001 194 2064 enim
217 2000 413 2064 constitutus
437 1998 555 2063 iudicia
574 1999 715 2064 maxima
733 1998 877 2064 decernit
895 1998 1111 2082 rationesque.

110 2087 144 2152 Si
167 2109 242 2151 vero
265 2089 298 2152 in
322 2087 455 2172 tropicis
478 2087 580 2173 signis
599 2087 698 2152 fuerit
716 2087 876 2170 inventus,
899 2109 937 2152 ex
956 2086 1112 2152 mutatio-

107 2176 203 2239 nibus
232 2181 288 2240 aut
319 2198 356 2241 ex
384 2174 707 2260 interpretationibus
735 2175 878 2240 decernit
906 2174 1022 2241 officia.
1071 2173 1113 2240 In

108 2264 397 2348 aequinoctialibus
436 2264 539 2350 signis
576 2265 703 2349 positus
739 2262 934 2348 ponderibus
970 2263 1111 2348 publicis

107 2353 288 2437 praeponit.
331 2352 370 2417 In
401 2353 584 2438 duplicibus
618 2374 693 2417 vero
726 2352 829 2438 signis
861 2352 1011 2418 inventus
1044 2373 1111 2419 cor·

65 2467 92 2508 ar
107 2442 200 2507 datos
219 2443 405 2528 ingeniosos
424 2442 609 2508 inventores
628 2442 812 2526 astrologos
831 2444 865 2506 et
881 2440 999 2527 omnia,
1017 2463 1111 2527 quae·

108 2552 243 2615 cumque
275 2531 326 2596 bis
359 2530 484 2596 artibus
522 2552 559 2596 ac
591 2528 769 2614 disciplinis
802 2529 922 2595 similia
952 2530 1112 2615 videntur,

107 2620 172 2703 †ac
199 2619 324 2685 ratione
355 2620 505 2685 decernit.
553 2617 755 2684 Generaliter
782 2619 892 2703 itaque
920 2619 1000 2683 illud
1028 2619 1111 2685 scire
1124 2622 1162 2686 11

108 2709 269 2793 debemus,
292 2710 390 2793 quod,
414 2708 702 2794 quotienscumque
725 2706 905 2774 Mercurius
929 2711 1037 2772 actum
1061 2709 1111 2773 de

108 2798 256 2880 creverit,
284 2797 313 2861 si
341 2797 563 2862 benivolarum
591 2796 759 2861 stellarum
786 2796 886 2863 fuerit
913 2795 1110 2861 testimoniis

65 2913 92 2953 ao
107 2884 291 2965 adornatus,
314 2885 454 2969 gloriam
472 2885 695 2970 honorumque
712 2906 883 2969 processus
901 2886 934 2948 et
953 2883 1111 2949 maximae

108 2973 312 3037 auctoritatis
341 2973 484 3038 decernit
510 2973 664 3058 insignia,
697 2976 809 3038 contra
836 2993 912 3038 vero
941 2971 1111 3038 malivolae

197 3166 330 3217 lactu?
380 3163 788 3226 comnesorn.11deeemio
830 3160 1001 3233 lerunta‘]
1016 3178 1112 3218 eorum

109 3236 158 3306 lae
177 3239 264 3290 cml
285 3236 288 3304 l
309 3232 544 3288 radiatiationell
616 3240 632 3288 8
652 3234 861 3299 coiunxerintll
880 3232 1111 3288 coniunxeritPB

109 3311 141 3359 10
151 3305 329 3361 suentem]
345 3307 350 3373 Ι
366 3304 539 3359 constitusll
555 3308 559 3376 Ι
575 3305 610 3359 de
620 3322 720 3360 uenere
730 3308 759 3359 et
772 3306 927 3376 pumicati!
977 3307 1108 3375 mappa

107 3397 123 3429 κ
142 3378 175 3444 cs.
197 3378 212 3430 l.
234 3382 294 3432 det
310 3381 402 3443 255,s
479 3382 512 3430 14
530 3376 679 3431 ratione!
756 3382 788 3430 15
808 3379 887 3431 actus
901 3374 954 3446 1¹³]
979 3378 1056 3430 actos
1069 3381 1111 3429 Π·

108 3451 267 3514 auctores?
286 3449 382 3502 auctos
396 3453 419 3500 B
488 3453 519 3501 17
539 3445 566 3501 ei
580 3448 722 3520 Ndowtluj]
738 3450 767 3501 et
829 3453 863 3502 20
882 3446 1033 3502 constituto
1052 3449 1109 3519 B‘l

107 3518 240 3590 maxima]
254 3535 358 3589 magna
370 3523 412 3571 ι·
466 3524 499 3572 27
519 3518 573 3572 hac
590 3517 620 3571 A'
640 3536 663 3573 o.
682 3537 707 3590 ρ.
727 3518 866 3587 frequenti
884 3521 938 3575 sive
955 3517 1033 3573 facili
