2408 3840
94 151 160 216 218
533 149 670 204 FIRMIOI

95 299 157 362 bus
181 296 415 380 cupiditatibus
439 293 553 380 dediti,
581 295 751 360 servilibus
780 317 906 379 semper
930 297 1053 361 studiis
1077 301 1107 361 et

97 386 269 451 servilibus
294 387 420 450 actibus
444 384 607 469 occupati,
634 383 808 448 facultates
831 384 949 448 nimias
975 407 1107 470 compa-

97 480 206 539 rantes
231 479 263 538 et
290 496 348 558 per
374 473 569 557 semetipsos
596 473 682 537 vitae
711 473 773 537 sibi
797 473 940 537 subsidia
964 475 1107 538 maxima

98 570 300 648 quaerentes,
324 567 357 628 et
381 562 436 647 qui
459 562 625 627 felicitatis
649 567 824 648 augmenta
846 583 1004 645 processu
1029 567 1107 627 tem-

65 652 188 737 2p0ris
212 656 461 736 consequantur.
507 650 542 716 Si
569 673 645 715 vero
672 673 731 734 per
755 656 897 716 noctem
912 673 932 714 a
956 648 1035 715 Sole
1059 653 1136 716 des

98 743 201 806 fluens
232 741 355 806 feratur
387 742 427 805 ad
450 739 622 822 Venerem,
655 740 775 804 multas
808 740 951 803 decernit
982 761 1107 823 uxores,

98 831 178 896 faeit
202 852 388 894 communes
413 834 524 913 gratos
553 833 702 912 acceptos
732 832 765 892 et
792 849 928 913 magnos
957 832 1052 893 actus
1076 834 1107 893 et

99 941 236 1004 magnas
251 919 394 983 decernit
408 918 593 1002 facultates3
612 922 706 981 erunt
722 917 848 981 nobiles
863 918 988 1002 gloriae
1005 919 1107 1001 splen-

99 1011 176 1072 dore
201 1007 371 1090 fulgentes.
418 1006 512 1071 Facit
541 1012 649 1070 autem
672 1005 864 1089 imperiosos
886 1005 1041 1090 potentes
1065 1007 1104 1070 di·

99 1097 183 1160 vites
208 1099 241 1158 et
264 1095 381 1178 quibus
405 1096 546 1159 maxima
573 1093 712 1159 felicitas
737 1095 934 1178 conferatur,
962 1116 1138 1179 praeser-re

99 1185 160 1249 tim
184 1181 212 1247 si
234 1184 361 1247 nullum
384 1205 496 1248 eorum
516 1183 675 1250 Saturnus
699 1184 857 1267 quadrata
878 1183 931 1248 vel
951 1185 1108 1250 diametra

17 1287 20 1292 ’
98 1271 279 1337 radiatione
306 1272 491 1357 pulsaverit.
542 1273 632 1337 Tune
661 1277 770 1336 autem
800 1273 880 1337 haec
907 1272 1051 1338 felicitas
1078 1278 1108 1337 ot

98 1362 134 1426 hi
165 1362 306 1426 honores
335 1361 565 1446 decernuntur,
597 1362 625 1425 si
653 1361 687 1425 in
717 1361 908 1426 necessariis
939 1363 1108 1447 geniturae

101 1452 180 1516 loeis
204 1449 304 1514 fuerit
326 1451 392 1515 ista
414 1451 608 1516 coniunctio.

68 1541 90 1605 3
190 1541 218 1603 Α
244 1538 332 1604 Sole
356 1539 461 1604 Luna
488 1541 532 1605 ad
559 1539 800 1610 Mercurium.
848 1538 883 1604 si
911 1561 929 1602 a
953 1537 1029 1604 Sole
1059 1541 1139 1604 deu

100 1630 203 1693 fluens
227 1627 320 1692 Luna
349 1629 389 1692 ad
411 1628 609 1694 Mercurium
635 1629 758 1692 feratur
785 1630 818 1691 et
846 1628 889 1691 sit
918 1627 1035 1692 diurna
1059 1649 1108 1712 ge

100 1719 218 1801 nitura,
241 1716 321 1782 facit
344 1718 379 1781 in
402 1716 469 1782 vita
492 1723 528 1782 et
545 1718 673 1782 cetibus
691 1716 891 1801 periculosos
911 1722 944 1780 et
963 1717 1109 1782 moribus

101 1807 196 1871 malis
220 1810 253 1870 et
277 1807 435 1891 sacrilego
456 1828 582 1890 semper
601 1827 708 1871 errore
726 1809 952 1889 praeposteros
972 1810 1005 1869 et
1026 1805 1108 1891 [qui]

102 1895 307 1959 divinitatem
334 1899 505 1980 negantes3
539 1896 594 1960 sed
623 1894 659 1958 hi
685 1898 794 1959 tamen
821 1895 921 1959 etiam
949 1917 1109 1960 commen-

69 1985 196 2049 4datas
220 2007 271 2048 res
295 1985 359 2048 sibi
382 1985 554 2069 abnegant.
600 1982 636 2048 Si
658 2005 734 2048 vero
758 2005 816 2067 per
838 1988 967 2049 noctem
992 2005 1012 2047 a
1037 1983 1110 2050 Sole
1123 2009 1145 2049 io

103 2074 245 2138 defluens
270 2073 360 2137 Luna
388 2073 428 2137 ad
454 2072 651 2138 Mercurium
677 2073 816 2156 feratur,
851 2072 931 2137 facit
962 2073 1110 2156 publicos

104 2160 181 2249 [vel]
203 2162 403 2246 tabelliones,
422 2185 461 2227 ex
481 2162 598 2246 quibus
616 2161 737 2226 litteris
757 2166 915 2245 quaerant
933 2161 1019 2225 vitae
1039 2163 1112 2226 sub·

104 2251 199 2334 sidia;
227 2256 322 2315 erunt
350 2256 460 2317 tamen
484 2274 523 2315 ex
549 2252 611 2316 boc
634 2251 742 2315 studio
766 2251 800 2314 in
828 2249 895 2314 suis
923 2250 1111 2314 civitatibus

103 2339 211 2401 ornati
235 2343 268 2402 et
292 2340 348 2423 qui
376 2341 526 2405 omnibus
556 2340 699 2404 eiusdem
726 2338 851 2424 negotii
873 2339 952 2403 viris
981 2343 1111 2404 cuncto·

103 2448 176 2489 rum
199 2425 327 2491 iudiciis
355 2427 589 2511 praeferantur.
633 2428 833 2511 Frequenter
856 2431 974 2512 tamen,
1004 2428 1032 2491 si
1056 2449 1111 2492 eos
1125 2452 1148 2492 25

102 2514 250 2598 Iuppiter
277 2516 440 2600 trigoniea
466 2516 645 2581 radiatione
673 2516 866 2599 respexerit,
896 2538 1007 2582 euram
1035 2516 1113 2581 eiri-

103 2604 183 2668 tatis
198 2602 434 2688 tuitionemque
454 2605 644 2688 suscipiunt.
680 2603 788 2668 Erunt
807 2608 916 2669 autem
930 2604 1112 2671 difficilium

104 2693 291 2757 litterarum
315 2695 371 2756 aut
399 2693 532 2776 sophiae
561 2691 726 2757 cuiusdam
752 2693 937 2759 inventores
962 2698 1019 2758 aut
1042 2715 1109 2759 eae·

104 2782 243 2847 lestibus
258 2780 471 2867 religionibus
490 2780 590 2845 dediti
605 2786 638 2846 et
657 2782 775 2866 quibus
794 2780 974 2849 divinitatis
989 2786 1114 2848 secreta

106 2873 277 2935 credantur
301 2872 357 2934 aut
381 2870 612 2935 absconsuram
636 2875 693 2935 aut
711 2871 911 2936 inlicitorum
929 2872 1114 2936 litterarum
1127 2896 1148 2936 n

102 2960 230 3024 actibus
248 2958 488 3044 inhaerescunt,
511 2959 566 3024 alii
586 2960 761 3025 absconsas
776 2982 827 3025 res
843 2960 1020 3043 inveniunt,
1039 2959 1112 3040 aliis

194 3157 209 3203 2
229 3151 413 3205 facultatibus
432 3150 531 3220 nimia,
556 3169 623 3207 corr.
643 3173 660 3206 a
769 3158 783 3206 7
804 3155 933 3222 acceptos
952 3168 1069 3223 magnos
1089 3158 1116 3205 Π

107 3227 139 3274 11
160 3222 283 3290 deorum,
302 3240 369 3277 corr.
390 3243 406 3276 a
479 3229 511 3276 13
531 3223 572 3275 hii
645 3229 678 3278 18
697 3224 787 3295 magis
805 3229 832 3276 Ι
848 3227 852 3294 Ι
869 3227 898 3277 et
916 3223 1054 3294 sacrilego
1072 3223 1115 3295 A']

104 3308 140 3345 ex
154 3293 216 3362 agri
230 3293 291 3347 loco
307 3298 311 3363 Ι
328 3296 378 3349 del.
393 3293 423 3346 Δ’
498 3300 529 3347 19
544 3293 586 3346 hii
601 3294 659 3364 (qui
673 3297 698 3365 o)
715 3297 719 3366 Ι
735 3298 831 3349 tamen
844 3312 894 3349 om.
908 3295 1117 3418 Apeondemp

62 3433 65 3439 Ι
104 3365 197 3432 natas,
212 3365 322 3420 corr]
378 3372 411 3419 22
425 3365 470 3419 vel
483 3365 573 3419 dest
592 3367 596 3436 l
613 3383 646 3420 ex
659 3365 804 3437 quibusA]
820 3369 848 3419 et
862 3382 879 3418 a
893 3365 941 3434 qui
962 3383 996 3419 us
1011 3367 1015 3437 1
1032 3381 1117 3434 quoe-

105 3438 209 3488 runt?
281 3443 315 3488 23
334 3440 429 3491 tamen
448 3453 498 3491 om.
518 3442 544 3489 Η
616 3442 651 3490 24
668 3436 789 3506 negotiis
807 3442 870 3489 PR·
885 3438 889 3506 l
905 3437 987 3504 uires,
1007 3452 1074 3492 cerr.
1094 3442 1118 3489 A

105 3513 140 3561 26
159 3505 265 3576 trigoni
283 3513 352 3560 112⁸
403 3513 456 3562 ,22
484 3509 538 3560 ηιμ
562 3510 624 3548 Μ
699 3514 728 3561 31
752 3507 937 3575 inhorescunt,
957 3524 1024 3562 corr.
1044 3514 1068 3561 Δ
