2408 3840
447 178 529 248 1116,
544 184 670 248 2-19,4.
1016 178 1057 242 61
1180 202 1184 209 ·

54 346 154 409 scopo
181 325 271 390 locus
294 323 382 389 Malo
406 323 555 389 daemoni
582 324 615 388 id
643 327 694 388 est
716 321 788 387 XII.
812 324 853 388 ab
876 323 1058 408 horoscopo

52 415 126 480 loco
144 413 363 497 praeponitur.
401 411 538 478 Scieuda
556 417 633 477 sunt
650 412 731 477 haec
748 416 858 477 autem
877 413 995 496 omnia,
1012 412 1089 495 ut‚3

55 525 128 568 cum
151 503 190 566 ad
214 502 449 585 apotelesmata
471 501 668 582 venerimus,
690 505 809 574 ¹cuncta
829 501 1003 566 miscentes
1027 506 1060 566 et

55 594 272 674 temperantes
296 591 474 655 sententias
496 594 626 655 nostras
650 589 738 654 fideli
761 589 910 654 veritatis
934 589 1059 655 ratione
1140 634 1142 638 -

24 681 228 746 sfirmemus.

54 891 141 957 XIX.
164 890 223 956 DE
243 889 477 956 DUODEGIM
495 888 704 956 LOOORUM
723 888 1059 956 POTESTATIBUS.
1172 901 1174 905 '

139 1032 333 1117 Specialiter
351 1055 436 1098 nunc
454 1032 622 1098 duodecim
640 1033 787 1098 locorum
806 1032 1089 1118 significationesl

55 1122 214 1206 explicare
242 1122 395 1186 debemus
427 1121 468 1186 ab
495 1121 677 1206 horoscopo
709 1121 915 1206 incipientes,
946 1126 984 1187 ut
1011 1144 1062 1187 ex-

55 1212 172 1296 positis
205 1232 263 1295 per
290 1211 435 1275 ordinem
466 1210 616 1283 omnibus
648 1209 847 1276 confusionis
878 1211 1061 1276 obscuritas

10 1330 41 1370 ιο
55 1300 240 1365 luminetur.

143 1388 272 1453 Primus
296 1392 346 1453 est
369 1388 458 1453 locus
483 1387 594 1472 [idest]
567 1389 676 1451 tilla
696 1409 786 1472 pars,
812 1388 847 1451 in
875 1409 940 1471 qua
966 1386 1060 1451 horo·
1072 1389 1093 1452 2

57 1498 174 1560 scopus
203 1481 253 1541 est
280 1476 400 1541 constit
401 1483 486 1540 ut.us
532 1476 570 1541 In
596 1476 660 1541 hoc
689 1477 760 1541 loco
794 1476 862 1540 vita
827 1474 1062 1540 thominum
1107 1547 1111 1555 ¹

56 1571 91 1628 et
117 1564 251 1648 spiritus
280 1564 478 1648 continetur,
507 1587 546 1628 ex
572 1564 634 1629 hoo
662 1566 734 1629 loco
762 1564 865 1629 totius
893 1563 1062 1665 geniturae

57 1652 267 1717 fundamenta
289 1656 476 1734 noscuntur,
498 1652 551 1717 hic
574 1653 665 1718 locus
689 1654 730 1717 ab
754 1675 792 1716 ea
814 1653 948 1736 parte,
938 1676 974 1716 1n
997 1674 1062 1735 qua

14 1769 43 1810 15
57 1740 157 1804 tuerit
175 1740 384 1824 horoscopus,
402 1741 487 1804 vires
507 1763 581 1805 suas
600 1763 658 1825 per
676 1742 820 1806 residuas
839 1745 948 1824 partes
967 1740 1061 1805 XXX

58 1829 209 1893 extendit.
246 1828 309 1893 Est
327 1832 436 1893 autem
455 1830 550 1894 cardo
568 1830 693 1913 primus
717 1836 750 1894 et
769 1831 872 1894 totius
892 1831 1061 1915 geniturae

57 1939 215 2002 compago
239 1921 336 2000 atque
360 1917 553 1982 substantia.

146 2004 310 2071 Secundus
338 2006 379 2070 ab
405 2005 587 2091 horoscopo
616 2007 706 2072 locus
736 2006 771 2070 in
798 2006 937 2071 secundo
967 2004 1091 2091 sign03

58 2095 268 2159 constituitur
286 2100 320 2160 et
338 2094 456 2179 accipit
473 2095 603 2159 initium
626 2117 646 2158 a
663 2093 763 2159 XXX.
776 2094 949 2177 horoscopi
967 2098 1061 2178 parte

12 2214 43 2254 so
58 2187 91 2248 et
113 2184 198 2248 vires
221 2207 295 2248 suas
318 2206 376 2268 per
398 2183 490 2247 XXX
513 2185 657 2248 residuas
680 2187 789 2268 partes
814 2184 968 2248 extendit.
1010 2182 1062 2247 Ex

58 2273 120 2337 hoc
143 2272 237 2358 signo
260 2278 328 2356 spei
356 2295 393 2338 ac
416 2273 631 2356 possessionis
653 2272 853 2337 incrementa
875 2276 1061 2336 noscuntur.
1114 2348 1117 2352 Α

58 2361 120 2425 Est
106 2365 200 2425 ttau
201 2384 249 2425 em
272 2363 364 2446 piger
386 2361 477 2427 locus
500 2362 541 2426 ab
564 2362 744 2445 horoscopo
768 2361 907 2443 alienus3
931 2362 1002 2425 ideo
1026 2365 1059 2426 et

58 2450 183 2514 inferna
211 2450 392 2534 appellatur
404 2455 523 2602 porta,
550 2451 635 2534 quod
664 2450 753 2515 nulla
780 2472 853 2514 cum
880 2450 1061 2533 horoscopo

58 2539 238 2603 radiatione
261 2539 476 2624 coniungitur.

10 2654 41 2697 as
146 2627 274 2691 Tertius
306 2627 396 2692 locus
429 2591 491 2711 est,
524 2628 580 2712 qui
611 2627 646 2692 in
677 2627 775 2692 tertio
807 2627 849 2691 ab
880 2626 1094 2710 horoscop04

59 2715 153 2800 signo
177 2716 396 2800 constituitur,
422 2718 477 2800 qui
501 2738 520 2780 a
542 2714 608 2780 LX.
631 2717 672 2781 ab
695 2715 877 2799 horoscopo
899 2719 993 2799 parte
1017 2716 1064 2779 in-

58 2803 154 2868 itium
178 2804 338 2887 accipiens
360 2805 395 2869 in
416 2802 483 2870 XO.
506 2804 634 2891 desinit.
678 2804 729 2868 Ex
751 2803 908 2869 hocloco
939 2805 977 2868 de
1000 2803 1063 2867 fra-

57 2891 165 2956 tribus
193 2897 225 2956 et
253 2893 292 2957 de
315 2893 426 2958 amicis
451 2897 566 2958 cuncta
593 2893 744 2957 dicemus.
789 2891 875 2956 Huic
897 2893 970 2957 loco
993 2890 1065 2955 Dea

151 3102 270 3183 lmalo]
292 3102 382 3156 malus
405 3107 544 3154 216
567 3103 647 3156 inser
670 3102 719 3156 hoc
741 3102 798 3156 ioco
815 3107 838 3154 V
861 3102 905 3169 (cf.
929 3068 1066 3168 codicem),

59 3179 125 3228 mue
137 3172 246 3227 Primus
264 3191 288 3228 v.
299 3179 332 3228 11
347 3179 408 3239 Pa,
426 3190 474 3241 pce
470 3174 531 3227 'tic
540 3174 735 3253 praemittentes
745 3171 914 3243 significatio
927 3170 979 3224 ΧΠ
992 3171 1066 3225 loco-

58 3262 123 3298 rum
140 3247 170 3298 et
187 3243 256 3313 quid
277 3245 364 3314 (quod
381 3216 459 3312 R’³)'
450 3262 481 3296 m
499 3261 554 3312 quo
572 3244 634 3298 loco
657 3242 737 3324 qupri
756 3243 859 3297 debeat
929 3244 964 3309 cs.
984 3243 1066 3296 Paoz.

58 3316 107 3371 Ar.
125 3317 148 3369 I
157 3320 175 3369 4
238 3321 269 3369 11
289 3317 339 3370 del.
360 3314 851 3403 Siul;possislocusm1llapartc
893 3320 942 3368 ort
960 3312 1067 3383 primus

60 3387 138 3467 [est]
147 3385 272 3442 locus..
289 3384 504 3455 ,constituitur)
537 3388 541 3455 Ι
574 3403 639 3454 quo,
656 3402 723 3440 corr
743 3390 766 3437 A
847 3391 879 3440 17
899 3401 1026 3454 conpago
1043 3389 1068 3436 B

61 3463 96 3512 18
116 3455 196 3528 signo
214 3430 294 3530 seui]
307 3457 370 3511 loco
453 3463 486 3510 19
504 3457 621 3525 horona,
638 3457 711 3511 code
728 3457 841 3511 edebam
859 3455 896 3510 ab
914 3455 1067 3525 horoscopo

56 3528 253 3601 22<et>abu
298 3528 561 3598 23apellaturPBv
606 3500 888 3595 ioquerltctwm
932 3527 1073 3582 adlocal’
