2416 3840
372 898 533 971 LIBER
560 898 798 983 QUARTUS

430 1045 741 1149 <Percennium

171 1198 357 1265 Patrocinia
380 1201 559 1262 tractantes
577 1201 750 1262 tenuerunt
769 1219 937 1262 causarum
962 1199 1115 1265 condic-l

80 1292 222 1355 tationes
242 1292 274 1353 et
293 1286 435 1368 caninae,
453 1290 490 1350 ut
507 1287 554 1350 ita
572 1286 686 1368 dicam,
705 1286 923 1352 contentionis
942 1288 1087 1373 iurgiosa

55 1377 271 1462 scertamina,
302 1398 341 1440 ex
369 1397 433 1459 quo
464 1374 571 1439 studio
598 1374 681 1438 nihil
709 1374 790 1438 mihi
819 1374 906 1439 aliud
934 1399 991 1459 per
1019 1377 1086 1440 dies

84 1468 231 1552 singulos
253 1464 317 1530 nisi
339 1462 558 1548 periculorum
581 1464 729 1528 cumulus
755 1467 788 1528 et
811 1485 909 1545 grave
934 1485 1014 1528 onus
1037 1466 1087 1528 in-

84 1555 187 1621 vidiae
212 1554 450 1637 conferebatur3
473 1573 601 1637 semper
624 1551 708 1616 enim
732 1551 877 1616 factiosis
901 1552 1086 1617 hominibus

83 1649 118 1709 et
154 1665 236 1728 quos
271 1642 472 1726 inpotentiae
509 1641 690 1706 delectabat
722 1640 915 1723 improbitas
948 1643 998 1706 vel
1031 1642 1086 1726 qui

84 1754 199 1798 avarae
223 1728 409 1815 cupiditatis
432 1728 589 1794 instinctu
613 1729 726 1794 alienis
753 1728 924 1794 inhiabant
951 1731 1002 1795 vel
1030 1732 1085 1815 qui

41 1821 211 1888 remiseris
234 1819 419 1884 hominibus
443 1841 482 1882 ex
501 1817 692 1884 iudiciorum
712 1824 801 1883 metu
819 1818 982 1884 terribiles
1000 1820 1086 1884 vide·

82 1912 211 1993 bantur,
230 1913 337 1974 erecta
351 1909 553 1973 constantiae
569 1906 763 1987 confidentia
776 1908 975 1972 resistebam.
1001 1908 1086 1973 Hinc

83 1998 163 2063 mihi
187 1998 349 2082 malignus
372 1996 458 2061 livor
480 1995 620 2061 invidiae
639 2001 672 2061 et
690 1997 906 2080 periculorum
926 1996 1085 2081 procellas

82 2088 293 2173 inproborum
312 2085 480 2150 hominum
500 2085 608 2169 pravis
627 2085 859 2170 cupiditatibus
878 2086 1084 2168 parabantur.

82 2176 218 2241 Deserui
241 2175 352 2258 itaque
375 2174 436 2239 hoc
460 2174 616 2258 studium,
638 2197 679 2239 ne
701 2172 926 2257 imperitorum
950 2196 987 2240 ac
1010 2175 1115 2240 deli-2

40 2290 66 2330 15
83 2287 193 2330 rorum
222 2264 391 2328 hominum
421 2263 664 2328 convalescente
695 2284 852 2327 consensu
882 2285 941 2346 pro
972 2263 1085 2328 alienis
1183 2332 1186 2337 ⁴

82 2353 284 2418 utilitatibus
308 2352 469 2416 excubans
493 2352 642 2416 maximis
666 2373 716 2415 me
740 2349 866 2415 insidiis
885 2355 918 2415 et
936 2351 1084 2417 maximis

81 2441 301 2527 periculorum
324 2440 563 2504 discriminibus
587 2440 800 2525 implicarem,
823 2439 940 2524 quibus
959 2463 1085 2527 semper

82 2535 116 2595 et
135 2531 203 2595 sine
221 2529 461 2594 intermissione
481 2534 594 2594 contra
612 2551 663 2593 me
682 2529 899 2594 saevientibus
918 2533 951 2594 et
969 2531 1084 2594 acerba

83 2620 229 2684 odiorum
259 2617 501 2684 continuatione
528 2618 728 2682 certantibus
754 2619 845 2682 nulla
873 2619 937 2682 alia
960 2618 1084 2683 ratione

39 2735 68 2773 eo
82 2708 200 2792 restiti,
223 2707 286 2771 nisi
311 2707 396 2790 quod
415 2705 541 2771 liberali
561 2707 669 2772 animo
689 2707 883 2791 contemptis
901 2707 1082 2775 forensibus

80 2795 180 2861 lucris
203 2795 427 2860 laborantibus
455 2793 640 2860 hominibus
668 2818 705 2861 ac
732 2797 822 2860 varia
849 2818 956 2860 rerum
984 2795 1084 2860 diver-

82 2886 179 2949 sitate
212 2883 364 2949 sollicitis
395 2906 512 2967 purum
545 2904 582 2948 ac
610 2884 704 2949 fidele
733 2885 951 2968 patrocinium
981 2884 1084 2949 defen-

172 3065 187 3111 2
203 3059 266 3112 cdd.
278 3077 294 3110 a
348 3059 529 3110 3tenuenmt
539 3057 631 3130 (nos)
646 3077 662 3110 a
715 3064 732 3111 4
747 3057 947 3125 contentiones,
962 3063 1083 3125 corana

81 3136 98 3183 8
112 3129 277 3199 improbitas
291 3145 340 3183 om.
350 3133 378 3180 ll
431 3134 447 3181 9
461 3126 612 3182 inhiabant
619 3128 720 3198 Haupt
728 3146 770 3198 op.
780 3131 836 3182 ΙΙΙ
842 3130 909 3210 680]
919 3127 1084 3183 inherebant

81 3208 111 3256 ut
128 3202 162 3267 cs.
178 3205 206 3267 8,
221 3215 247 3250 aa
264 3200 313 3254 IV
324 3205 368 3265 11,
381 3212 401 3252 s.
416 3203 488 3264 12,r
560 3205 591 3251 11
612 3202 641 3253 et
654 3203 748 3254 erecta
762 3202 921 3253 constantia
935 3198 996 3280 (tie
1011 3197 1084 3267 Φὴρ

83 3272 87 3343 Ι
109 3271 295 3339 confidebant,
314 3287 381 3325 corr.
396 3269 460 3324 siut
473 3270 508 3336 cf.
521 3273 595 3337 23,c
667 3277 700 3324 14
718 3269 866 3352 impiorum
880 3291 897 3325 a
912 3272 916 3341 l
933 3269 1084 3323 delirorum

80 3342 192 3414 Haupt]
211 3341 322 3396 debitor
339 3344 381 3412 (or
398 3342 432 3395 ir.
446 3343 479 3411 B)
559 3347 590 3395 17
611 3340 777 3396 discrimims
795 3347 865 3394 112³
944 3346 976 3393 19
995 3344 1084 3396 certa·

80 3412 216 3481 minibus,
235 3430 301 3468 corr.
321 3411 378 3466 VAT
451 3418 485 3465 20
503 3411 595 3466 restiti
612 3411 667 3465 nisi
684 3413 712 3485 a]
731 3411 917 3467 restitutionis
937 3413 941 3483 Ι
961 3411 1084 3483 liberari,

80 3501 148 3539 corr.
164 3503 181 3537 v
253 3490 285 3538 21
305 3483 334 3537 la
352 3490 377 3539 et
393 3484 426 3537 ta
442 3499 511 3538 uoco
524 3499 604 3539 cusu
616 3482 810 3537 laborantibus
823 3490 850 3537 Ι
922 3489 955 3538 22
974 3484 1084 3539 fidelem

874 3574 925 3627 13·
