2416 3840
100 168 164 232 144
499 211 504 221 .
534 167 674 223 FIRMICI

99 318 167 379 tam
182 313 329 396 luppiter
346 312 433 376 bona
450 313 630 378 radiatione
648 311 834 396 respexerit,
851 309 938 396 regis
953 311 1107 376 textrinis

98 402 197 466 faciet
219 401 432 485 praepositos.

71 492 91 555 5
189 489 228 554 In
252 490 391 554 seeundo
415 490 487 555 loco
512 489 620 554 Venus
649 491 689 553 ab
716 489 897 573 horoscopo
926 489 1108 554 constituta

102 579 130 644 si
152 578 187 642 in
204 584 364 644 nocturna
383 580 533 663 genitura
556 579 603 643 sic
626 582 664 643 ut
683 579 821 643 diximus
844 578 944 642 fuerit
964 579 1108 662 inuenta,

100 667 180 733 facit
199 689 389 753 magnarum
409 667 530 731 artium
552 667 737 732 inventores
762 671 795 731 et
813 666 981 730 affluentia
1001 667 1108 751 copio
1133 690 1144 730 s

101 779 168 842 sos,
196 756 251 821 sed
275 757 331 841 qui
353 755 538 840 frequenter
561 756 731 839 pulsentur
754 756 902 841 infamia,
930 759 964 819 et
987 757 1107 839 quibus

101 846 263 930 gradatim
289 844 428 910 felicitas
457 844 656 928 conferatur,
688 850 720 909 et
748 848 859 930 gratos
888 866 1043 909 amoenos
1074 844 1110 909 in

71 933 239 999 6veneriis
263 934 505 1018 cupiditatibus.
548 931 583 997 Si
605 955 681 997 vero
705 956 762 1017 per
784 934 869 998 diem
891 933 925 996 in
948 932 1108 999 hocloco

102 1022 200 1086 fuerit
223 1023 362 1106 inventa,
386 1023 542 1086 maximas
567 1023 813 1086 contrarietates
840 1025 873 1086 et
895 1021 1006 1086 tardas
1030 1045 1109 1108 nup

102 1111 165 1174 tias
193 1111 351 1193 decernit,
380 1132 493 1175 causas
521 1111 621 1174 etiam
649 1133 722 1175 cum
751 1110 860 1194 aliqua
887 1110 1009 1175 femina
1034 1132 1108 1176 con·
1123 1135 1145 1174 rc

104 1199 197 1283 citat;
221 1199 351 1282 quidam
371 1198 469 1263 etiam
488 1198 666 1282 repentinis
686 1222 823 1264 uxorum
840 1200 1002 1264 mortibus
1023 1199 1111 1265 sidu·

106 1291 210 1353 antur.
257 1285 292 1352 si
323 1310 399 1353 vero
432 1287 479 1351 sic
509 1288 652 1372 positam
685 1287 844 1353 Venerem
876 1291 932 1352 aut
963 1286 1022 1354 Sol
1054 1294 1111 1354 aut

107 1375 267 1441 Saturnus
290 1399 348 1461 per
371 1377 564 1461 quadratum
588 1381 644 1440 aut
667 1399 724 1461 per
747 1377 941 1441 diametrum
964 1399 1111 1462 respexe

104 1464 171 1528 rint
195 1464 246 1529 vel
265 1488 338 1530 cum
357 1487 395 1530 ea
412 1461 513 1549 positi
531 1465 662 1549 fuerint,
685 1465 806 1531 facient
824 1465 951 1530 steriles
973 1469 1007 1530 et
1026 1467 1112 1533 circa

104 1554 252 1618 venerios
285 1558 377 1620 actus
409 1554 590 1619 inefficaces
623 1559 656 1618 et
691 1554 745 1638 qui
777 1576 954 1638 numquam
991 1555 1146 1620 ducantn

106 1664 223 1706 uxores
248 1646 281 1706 et
301 1644 356 1728 qui
375 1664 501 1727 semper
519 1665 693 1727 puerorum
718 1645 882 1707 amoribus
906 1642 1110 1727 inplicentur.

107 1729 170 1796 Sed
193 1731 273 1796 haec
295 1731 413 1796 fortius
437 1731 651 1796 decernuntur
671 1732 764 1817 mala,
787 1732 815 1796 si
837 1731 872 1795 in
890 1733 1007 1796 diurna
1026 1734 1112 1819 geni·

105 1824 179 1883 tura
208 1819 255 1884 sic
283 1819 393 1884 Venus
423 1820 523 1884 fuerit
550 1821 682 1884 inventa
713 1821 747 1884 in
775 1820 870 1885 domo
900 1819 1035 1886 Saturni
1061 1822 1111 1887 vel

106 1907 223 1972 Martis
248 1909 299 1973 vel
322 1908 475 1974 Mercurii
498 1908 550 1974 vel
572 1911 606 1972 in
629 1909 748 1973 finibus
772 1931 891 1974 eorum.

77 1997 95 2059 7
193 1997 233 2062 In
264 1999 362 2063 tertio
394 1998 467 2062 loco
499 1997 609 2062 Venus
641 1999 682 2062 ab
715 1997 896 2082 horoscopo
932 2000 1147 2065 constitutas

105 2087 191 2150 bona
215 2085 286 2170 erit,
313 2088 341 2151 si
364 2109 435 2151 eam
458 2086 606 2170 luppiter
629 2087 737 2170 aliqua
759 2086 939 2151 radiatione
962 2109 1111 2174 respexe-

106 2175 163 2259 rit3
191 2176 328 2260 accipiet
351 2177 437 2240 enim
460 2197 593 2240 uxorem
621 2176 659 2239 de
683 2174 804 2258 templo
833 2176 883 2240 vel
910 2178 1112 2243 sacerdotem

106 2261 200 2346 <vel>
223 2265 399 2328 sacerdotis
422 2263 532 2327 filiam.
575 2262 637 2328 Sed
662 2264 690 2327 si
714 2287 786 2329 cum
809 2262 934 2329 Venere
958 2264 1113 2332 Mercurii

107 2351 203 2414 stella
224 2351 323 2416 fuerit
346 2352 441 2434 <vel>
466 2352 569 2435 Luna,
597 2357 691 2417 erunt
719 2353 818 2417 etiam
845 2353 909 2437 ipsi
931 2355 1110 2439 prophetae

105 2440 235 2504 neocori
258 2444 314 2504 aut
335 2440 514 2525 praepositi
537 2441 667 2524 templis
692 2446 725 2506 et
747 2442 969 2529 religionibus.
1123 2463 1146 2505 ss

77 2527 96 2590 8
193 2527 233 2592 In
262 2532 376 2612 quarto
404 2529 476 2593 loco
505 2527 615 2593 Venus
648 2529 688 2593 ab
720 2530 901 2616 horoscopo
929 2534 1112 2598 constituta

108 2638 165 2701 per
192 2617 289 2699 diem,
321 2618 406 2681 idest
433 2617 468 2680 in
495 2614 596 2700 IMO„
624 2618 782 2683 iacturam
810 2620 984 2685 maximam
1012 2622 1113 2705 patri·

109 2705 209 2769 monii
228 2704 326 2770 faciet
350 2710 383 2770 et
401 2705 547 2770 assiduas
565 2705 739 2772 viduitates
763 2712 796 2772 et
815 2709 897 2773 tales
916 2709 1033 2794 reddit,
1056 2710 1114 2795 qni

109 2793 240 2859 difficile
259 2793 386 2879 possint
405 2796 526 2879 aliquid
546 2797 727 2879 impetrare.
760 2795 823 2862 sed
841 2802 875 2863 et
893 2819 967 2862 cum
985 2799 1016 2863 ei
1031 2798 1115 2864 Mer-

109 2883 214 2947 curius
240 2883 339 2948 fuerit
366 2884 478 2969 partili
506 2885 685 2949 radiatione
715 2887 918 2970 coniunctus,
947 2886 1114 2954 adulteros
1128 2908 1151 2949 so

106 2970 205 3037 faciet
227 2972 413 3058 frequenter
435 2974 611 3058 †stoemen
633 2980 766 3058 propter
788 2976 888 3040 malas
908 2975 1115 3042 administra-

195 3163 259 3217 4si
283 3164 322 3218 sic
340 3166 383 3235 v}
405 3164 524 3218 diximus
549 3181 597 3219 om.
616 3171 643 3218 Ε
666 3165 739 3219 sicut
761 3164 881 3220 diximus
905 3184 954 3222 om.
971 3172 995 3219 V
1051 3171 1116 3223 iet

108 3252 157 3290 om.
176 3242 199 3288 v
215 3238 219 3306 l
237 3236 359 3290 amoenis
377 3242 412 3288 1²²
484 3236 623 3290 Sueneris
643 3240 714 3305 (usn.
733 3241 806 3307 KV),
825 3254 892 3292 corr.
912 3259 929 3292 κ
996 3244 1030 3294 10
1049 3255 1115 3294 con-

108 3306 199 3360 citant
215 3312 238 3358 v
307 3313 339 3361 13
358 3306 520 3376 respexerit,
545 3325 611 3362 corr.
631 3308 660 3361 A'
734 3314 767 3362 23
787 3310 850 3363 add.
870 3308 929 3369 A'Q
994 3315 1030 3363 24
1048 3312 1115 3366 odd.

107 3377 172 3432 Situ
225 3383 258 3431 27
277 3377 563 3461 inmediocplol’lt‘
616 3385 649 3434 29
669 3379 695 3433 ei
709 3381 737 3451 a]
757 3382 786 3435 et
798 3385 853 3432 lv
871 3397 920 3435 om.
935 3386 984 3433 PR
1000 3383 1004 3451 Ι
1020 3397 1115 3451 merc,

107 3451 180 3502 unde
203 3449 316 3504 edebant
337 3450 473 3504 Mercurio
489 3449 695 3505 ...οοῃίιιηοῐα
766 3457 800 3505 30
818 3450 967 3521 partiliter,
985 3468 1055 3508 corr.
1069 3473 1087 3508 κ
1108 3454 1115 3527 l

108 3518 300 3588 radiationem
320 3537 387 3575 corr.
402 3520 431 3573 A'
505 3526 538 3573 31
557 3520 643 3576 faciet
656 3521 725 3596 (et)
738 3521 772 3576 fr.
792 3522 904 3576 eosdem
921 3540 938 3577 σ
