2416 3840
129 187 149 249 6
254 263 256 266 ι
465 174 467 178 ’
572 183 710 239 uramur

612 365 655 429 ΙΙ.

100 479 115 539 1
217 471 328 537 Primo
351 472 462 557 itaque
485 473 524 536 de
548 473 693 537 moribus
716 472 886 537 hominum
910 472 1143 556 coloribusque

129 561 325 633 conveniunt
347 560 503 626 dicentes:
526 560 581 645 „Si
599 561 769 626 stellarum
787 561 936 625 mixturis
956 582 1064 625 mores
1081 561 1142 626 ho

128 649 270 714 minibus
286 651 474 733 coloresque
489 650 679 714 tribuuntur
689 654 722 714 et
733 652 826 734 quasi
841 650 982 733 quodam
991 650 1142 734 picturae

128 759 245 824 genere
264 742 362 823 atque
382 739 521 803 artificio
541 738 709 803 stellarum
729 760 842 803 cursus
862 738 1051 802 mortalium
1071 761 1171 805 cor-s

127 849 244 911 porum
271 828 462 892 liniamenta
490 831 701 912 componunt,
734 828 768 892 id
798 831 849 892 est
877 827 905 892 si
933 826 1027 892 Luna
1057 827 1152 906 facit¹

128 917 290 992 candidos,
313 915 402 980 Mars
421 916 548 999 rubeos,
573 914 733 982 Saturnus
751 917 874 1002 nigros,
893 938 950 981 cur
969 936 1082 980 omnes
1104 917 1143 982 in

127 1004 304 1089 Aethiopia
322 1000 418 1090 nigri,
437 1005 472 1069 in
491 1004 666 1069 Germania
685 1005 821 1088 candidi,
839 1005 874 1068 in
888 1005 1027 1068 Thracia
1045 1006 1142 1070 rubei

127 1097 351 1177 procreantur,
384 1095 477 1176 quasi
505 1093 597 1158 Luna
625 1099 658 1158 et
685 1093 773 1158 Mars
800 1095 835 1157 in
862 1093 1040 1177 Aethiopia
1072 1094 1141 1158 vim

128 1205 220 1246 suam
243 1183 392 1266 viresque
419 1204 485 1246 non
512 1182 654 1262 habeant
685 1186 718 1247 et
739 1186 940 1266 potestatem
964 1204 1057 1247 suam
1078 1182 1139 1247 fm-
1157 1206 1183 1244 ro

128 1271 287 1354 gendique
315 1271 482 1335 licentiam
510 1269 544 1334 in
572 1269 746 1335 Germania
775 1293 812 1336 ac
835 1269 974 1336 Thracia
1003 1269 1154 1341 Saturni.

96 1360 254 1424 Pdeserat
277 1359 414 1424 stella?“
454 1359 502 1424 De
530 1360 676 1424 moribus
703 1382 779 1425 vero
808 1360 888 1424 illud
917 1360 1052 1425 addunt:
1083 1359 1141 1445 „Si

129 1447 288 1513 Saturnus
311 1447 392 1513 facit
415 1453 527 1513 cautos
548 1470 663 1534 graves
682 1449 794 1513 tardos
814 1471 928 1514 avaros
947 1471 985 1513 ac
1008 1449 1141 1534 tacitos,

126 1537 284 1621 Iuppiter.
299 1542 444 1601 maturos
467 1538 571 1602 bonos
595 1537 753 1622 benignos
779 1560 816 1602 ac
839 1537 1019 1620 modestos,
1047 1537 1140 1603 Mars

127 1626 272 1690 crudeles
294 1627 435 1711 perfidos
458 1648 495 1690 ac
518 1625 651 1710 feroces,
676 1623 732 1690 Sol
756 1626 928 1713 religiosos
950 1626 1077 1691 nobiles
1100 1649 1140 1692 ac
1156 1649 1182 1690 15

32 1796 33 1800 Ἰ
128 1716 299 1799 superbos,
322 1714 435 1779 Venus
457 1715 641 1779 luxuriosos
665 1719 818 1779 venustos
847 1720 879 1779 et
902 1715 1040 1780 honesto
1065 1737 1140 1801 gra-

127 1803 193 1867 tiae
217 1803 386 1888 splendore
408 1803 580 1889 fulgentes,
602 1803 783 1868 Mercurius
804 1808 931 1868 astutos
951 1803 1086 1869 callidos
1106 1810 1141 1870 et

128 1891 283 1957 concitati
301 1892 401 1958 animi
420 1892 661 1957 mobilitatibus
680 1893 896 1975 turbulentos,
915 1892 1008 1957 Luna
1025 1898 1140 1959 acutos

127 1982 312 2065 splendidos
345 1982 511 2068 elegantes
544 1987 577 2046 et
609 1980 774 2066 popularis
816 1982 996 2065 splendoris
1031 1983 1141 2067 gratia

126 2071 365 2154 praevalentes,
393 2093 451 2137 cur
475 2071 632 2155 quaedam
660 2076 775 2156 gentes
798 2071 845 2134 ita
869 2070 1139 2156 suntformatae,
1154 2098 1180 2135 20

126 2162 164 2222 ut
191 2161 324 2243 propria
352 2163 418 2225 sint
445 2182 573 2224 morum
597 2159 833 2242 quodammodo
861 2157 988 2223 unitate
1015 2161 1140 2244 perspi·

98 2248 230 2312 3cuae‘?
268 2247 407 2330 Scythae
432 2247 657 2311 soliinmanis
680 2246 821 2313 feritatis
841 2247 1031 2312 crudelitate
1051 2268 1141 2333 gras-

128 2340 250 2417 santur,
274 2334 351 2398 Itali
370 2336 454 2399 fiunt
472 2337 574 2420 regali
595 2358 722 2419 semper
740 2336 914 2401 nobilitate
933 2336 1140 2422 praefulgidi,

129 2422 215 2486 Galli
243 2423 368 2507 stolidi,
395 2423 482 2488 leves
512 2422 641 2507 Graeci,
675 2424 747 2488 Afri
771 2425 914 2508 subdoli,
947 2427 1036 2489 avari
1056 2423 1140 2511 Syri,

128 2514 215 2576 acuti
236 2510 346 2594 Siculi,
365 2513 524 2577 luxuriosi
543 2535 669 2595 semper
689 2514 802 2578 Asiani
816 2514 893 2598 <et>
912 2514 1138 2598 voluptatibus
1155 2541 1181 2582 25

128 2602 291 2685 occupati,
332 2603 392 2683 [et]
425 2600 564 2685 Hispani
597 2603 683 2666 elata
718 2602 892 2668 iactantiae
929 2602 1140 2670 animositate

98 2690 340 2774 4praep0steri.
382 2689 472 2776 Ergo
494 2689 689 2776 Scytharum
708 2692 833 2756 rabiem
854 2713 1032 2776 numquam
1051 2692 1139 2756 miti-

130 2782 188 2864 gat
209 2779 371 2864 Iuppiter,
398 2803 457 2845 nec
479 2779 573 2844 Italis
599 2779 654 2846 Sol
678 2781 853 2864 aliquando
882 2780 1057 2865 denegabit
1080 2781 1145 2846 im··

128 2867 232 2954 peria,
258 2891 318 2932 nec
345 2869 472 2934 levitati
502 2867 700 2934 Graecorum
730 2866 863 2933 Saturni
892 2868 988 2933 stella
1011 2870 1140 2953 pondus

217 3043 434 3111 3myxturis1
524 3042 711 3113 Baethyopia
730 3049 750 3094 P
771 3043 883 3111 (iderti)
902 3060 963 3097 cum
981 3046 1017 3113 Μ)
1048 3046 1051 3114 l
1081 3047 1141 3098 tra-

127 3114 193 3168 chia
211 3119 290 3166 1er
381 3121 412 3168 11
433 3114 608 3184 germaniam
625 3119 704 3166 ΗΠ
737 3116 741 3181 Ι
775 3113 891 3167 tratiam
909 3120 936 3166 Μ
953 3113 1073 3168 traciam
1091 3121 1141 3168 PV

130 3185 324 3255 141upiterv
375 3191 408 3239 15
427 3185 541 3255 religios
555 3191 578 3237 v
633 3191 665 3238 16
680 3185 820 3252 honestos,
835 3202 903 3240 corr.
918 3203 952 3239 ao
1007 3192 1040 3240 18
1059 3186 1141 3241 moli-

128 3292 236 3347 tatibus
254 3299 275 3345 P
347 3297 380 3344 12
400 3291 507 3346 scithae
525 3297 548 3343 V
566 3293 644 3360 scyte
664 3257 778 3362 Plsoli
796 3297 817 3343 P
833 3293 837 3362 Ι
853 3290 983 3345 immanis
1002 3294 1045 3363 Vl
1066 3295 1141 3347 cras-

129 3402 292 3452 sansures
337 3467 339 3472 ι
373 3405 406 3452 23
426 3397 587 3470 regaliuiv
668 3404 701 3452 24
721 3375 837 3471 grecie
862 3401 865 3468 Ι
891 3398 954 3452 affri
972 3405 995 3451 v
1020 3400 1024 3468 ι
1049 3398 1099 3452 siri
1117 3406 1142 3453 v

130 3476 163 3522 25
183 3469 271 3523 Siculi
289 3471 341 3524 iac.
362 3471 466 3536 Qfi2‘
488 3473 492 3538 Ι
518 3471 547 3522 et
564 3469 628 3522 aad.
648 3488 666 3522 v
737 3475 771 3523 26
790 3472 819 3523 et
837 3470 887 3524 del.
907 3469 936 3522 A'
1007 3477 1040 3524 27
1056 3470 1142 3525 scita-

128 3558 191 3595 rum
210 3547 231 3601 Q
249 3539 403 3594 scitharum
420 3545 442 3592 V
515 3545 548 3594 28
567 3538 672 3609 iupiter
690 3545 733 3599 αν
