2416 3840
507 211 520 264 Ι
535 217 560 280 3,
575 217 649 280 3-4,
665 228 685 266 a.
1064 211 1103 274 ll

95 355 274 421 sententiae
289 354 482 421 examinatis
496 357 642 440 partium
660 357 912 441 allegationibus
930 357 1104 441 profertur.

94 445 201 529 Unde,
224 445 253 509 si
275 444 436 530 inpugnat
459 445 502 528 is,
530 445 586 529 qui
610 467 629 509 a
652 444 904 529 prudentissimo
929 446 1134 512 mathema8

93 535 159 599 tioo
183 537 217 598 et
240 533 365 598 audivit
388 532 511 616 aliquid
539 538 572 597 et
600 534 737 598 credidit
760 537 793 598 et
815 535 981 618 probavit,
1012 537 1105 601 mali-

92 624 180 688 tioso
200 621 319 687 mentis
338 622 496 687 instinctu
516 627 549 686 et
567 621 707 707 pugnaci
726 622 834 687 studio
853 625 1013 689 notabilia
1032 648 1104 690 con-

63 709 284 777 stradioentis
308 715 386 775 vota
409 711 569 795 concepit3
600 712 628 775 si
652 734 728 776 vero
752 712 969 797 interroganti
993 715 1023 778 ei
1047 716 1105 778 im·
1127 765 1134 778 .

92 801 217 885 peritus
244 799 412 885 professor
438 800 522 864 falsa
551 801 732 889 respondit,
759 823 825 865 non
849 801 1020 885 mathesis,
1048 803 1104 867 sed

91 888 233 955 hominis
261 888 362 954 fallax
395 911 432 953 ae
465 889 639 953 temeraria
669 893 801 953 notetur
830 889 1014 975 inscientia3
1047 895 1103 975 qui

91 1000 169 1044 vero
192 1000 251 1042 nec
275 978 385 1042 audire
409 976 513 1041 voluit
535 1000 594 1042 nec
617 977 776 1063 iudicare,
798 978 921 1043 frustra
944 980 1007 1044 sibi
1029 1003 1103 1064 pro·

90 1066 262 1132 nuntiandi
285 1065 429 1131 vindicat
451 1070 571 1152 partes,
595 1066 671 1150 quia
694 1068 763 1131 eius
785 1069 841 1152 rei,
865 1068 955 1133 cuius
979 1069 1102 1152 experi-

50 1160 237 1224 10¹mentum
260 1176 374 1238 capere
396 1155 511 1239 noluit,
534 1177 600 1219 non
623 1156 839 1241 estidoneus,
862 1160 899 1221 ut
922 1159 1028 1242 possit
1046 1180 1103 1224 no·

90 1250 163 1310 tare
187 1244 414 1309 substantiam.

566 1403 624 1469 IV.

181 1510 274 1586 Quod
301 1531 378 1575 vero
405 1532 466 1575 nos
493 1509 528 1574 in
555 1511 620 1575 isto
649 1510 757 1575 studio
791 1511 923 1594 quidam
951 1513 1130 1596 opposital

91 1599 249 1665 scientiae
270 1599 338 1664 eius
362 1599 555 1664 difficultate
575 1599 747 1683 deterrent,
770 1599 911 1664 libenter
934 1603 1101 1685 amplecti·
1181 1623 1183 1631 ·

49 1717 76 1757 15
91 1695 172 1753 mu'r.
218 1687 302 1752 Vere
326 1689 412 1752 enim
441 1692 517 1751 sunt
544 1709 596 1751 res
624 1688 742 1752 arduae
773 1692 871 1771 atque
895 1690 1045 1754 difficiles
1068 1695 1101 1755 et

90 1799 171 1862 quas
190 1799 257 1841 non
276 1776 371 1841 facilc
389 1777 495 1861 possit
515 1777 641 1840 animus
660 1777 797 1840 terrenis
817 1777 961 1842 sordium
975 1760 1100 1863 ladueis

88 1866 280 1950 impeditus,
307 1866 386 1930 licet
417 1865 487 1949 ipse
515 1866 612 1949 ignea
640 1865 684 1929 sit
713 1865 893 1930 divinitatis
920 1867 1101 1932 inmortali-

89 1959 159 2019 tate
186 1955 360 2037 formatus,
392 1954 482 2018 facili
515 1953 735 2037 inquisitionis
768 1955 894 2018 ratione
926 1959 1099 2039 percipere.

89 2042 254 2109 Divinitas
270 2044 356 2108 enim
371 2043 449 2125 eius,
469 2064 550 2127 quae
565 2043 761 2125 sempiterna
780 2043 960 2127 agitatione
976 2048 1130 2120 susten-2

46 2135 194 2214 sotatur,
223 2134 251 2198 si
278 2133 313 2196 in
335 2135 464 2196 terreno
489 2153 623 2215 corpore
651 2131 750 2195 tuerit
772 2131 911 2214 inclusa,
940 2133 1097 2198 iacturam

89 2222 253 2306 quandam
271 2220 453 2285 divinitatis
473 2242 549 2285 suae
567 2218 693 2305 patitur
712 2221 934 2305 temporalem,
959 2245 1032 2287 cum
1050 2225 1099 2289 ris

87 2310 159 2375 'eius
188 2314 285 2394 atque
314 2309 499 2373 substantia
532 2308 758 2374 coniunctione
790 2312 823 2374 et
854 2311 1010 2376 societate
1038 2316 1100 2377 ter·

89 2399 160 2464 reni
178 2399 323 2482 corporis
343 2404 376 2462 et
395 2398 526 2462 assidua
540 2399 753 2463 dissolutione
773 2399 985 2464 mortalitatis
1005 2401 1100 2466 hebe-

89 2492 188 2552 tatur.
234 2486 326 2552 Unde
354 2487 393 2550 fit
420 2490 457 2550 ut
485 2487 606 2570 omnia,
635 2508 717 2570 quae
746 2489 784 2551 ad
812 2488 1099 2574 investigationem

46 2604 74 2645 25
89 2576 271 2641 divinarum
304 2576 425 2640 artium
461 2576 640 2660 pertinent,
677 2575 799 2640 difficili
839 2599 967 2660 semper
1003 2579 1098 2645 nobis

88 2665 274 2752 cognitione
303 2664 482 2729 tradantur.
529 2662 746 2748 Quapropter,
777 2664 853 2748 quia
875 2688 935 2730 nos
959 2668 1129 2733 libenter3

87 2776 125 2819 ac
148 2753 243 2818 facile
267 2754 301 2818 in
328 2754 393 2818 ista
420 2758 513 2837 parte
542 2753 763 2818 consensimus
793 2755 1012 2839 ostendentes,
1041 2780 1099 2822 our

88 2841 216 2908 divinae
239 2865 290 2907 res
314 2841 440 2907 difficili
463 2841 675 2926 inquisitione
699 2846 880 2926 cernantur,
905 2845 1099 2911 confiteatur

87 2931 189 2996 etiam
211 2932 281 3015 ipse
303 2953 434 2996 necesse
458 2936 522 3011 est,
552 2932 637 3014 quod
661 2931 802 3015 animus,
830 2932 885 3014 qui
913 2931 1097 2998 inmortalis

44 3024 153 3104 coest,
176 3021 204 3084 si
228 3043 248 3084 a
274 3020 364 3084 vitiis
388 3042 425 3084 ac
453 3019 643 3084 libidinibus
671 3020 791 3084 terreni
824 3022 969 3104 corporis
998 3023 1098 3086 fuerit

87 3113 257 3193 separatus
282 3130 319 3174 ae
343 3131 419 3173 suae
439 3109 575 3192 originis
595 3113 627 3173 et
647 3109 778 3173 seminis
798 3110 1031 3174 conscientiam
1048 3133 1097 3176 re-

85 3197 194 3263 tinens
222 3198 290 3262 vim
319 3219 395 3262 suae
424 3198 603 3261 maiestatis
637 3197 819 3282 agnoverit,
860 3199 993 3282 omnia,
1015 3221 1097 3282 quae

178 3360 191 3407 1
208 3353 422 3424 alligationibus
431 3360 458 3406 Η
474 3355 478 3424 Ι
493 3354 680 3424 proferuntur,
695 3371 762 3409 corr.
777 3373 811 3409 κσ
866 3361 881 3407 2
895 3353 933 3407 im
954 3358 1044 3425 ugnat
1057 3357 1094 3430 Ml

85 3424 136 3495 qui
155 3426 184 3496 a]
203 3424 309 3493 qnia?
386 3424 633 3479 toontradioendi
651 3425 681 3477 A'
760 3432 800 3479 17¹
812 3373 1024 3481 immortalitate
1043 3434 1097 3480 MV

86 3502 121 3552 22
140 3496 317 3551 eoniuotione
335 3502 358 3549 V
431 3503 464 3562 29
483 3495 650 3549 immortalis
669 3502 723 3549 MV
796 3503 827 3551 31
849 3496 1049 3552 conscientiam
1068 3501 1097 3572 u]

85 3566 277 3623 constantiam
294 3570 329 3636 of.
350 3568 426 3622 Plio.
440 3569 480 3621 ΙΙ
494 3571 530 3623 95
548 3566 649 3620 Achill.
664 3565 734 3623 124¹)
1138 3587 1139 3591 ¹
