2416 3840
157 173 220 237 156
596 167 733 223 aramei

155 316 303 401 Iuppiter
326 317 360 380 in
383 316 498 380 diurna
521 315 672 400 genitura
695 313 887 398 respexerit,
915 334 1053 398 magnos
1079 314 1166 380 viros

155 406 269 489 faciet,
300 406 355 488 qui
388 404 488 468 sacris
520 405 597 488 <et>
629 403 781 488 gloriosis
814 401 1044 467 stemmatibus
1078 424 1167 468 coro

155 498 286 576 nentur3
306 493 386 558 facit
405 493 505 558 etiam
519 493 612 575 tales,
630 496 668 555 ut
684 492 750 555 illis
769 491 911 554 maxima
929 492 1168 574 imperatorum

156 583 291 668 negotia
314 582 495 646 credantur.
532 581 654 657 Quodsi
678 581 725 645 sic
742 581 886 665 positum
905 578 1107 644 Mercurium
1129 582 1167 645 de

158 672 317 755 quadrato
339 672 434 754 <vel>
458 671 496 735 de
520 671 679 733 diametro
699 669 787 732 Mars
810 667 989 753 respexerit
1012 673 1071 733 aut
1095 691 1199 735 cums

157 761 229 843 ipso
252 760 417 845 partiliter
440 758 475 822 in
496 758 679 840 horoscopo
702 757 801 821 fuerit
819 757 981 842 inventus,
1004 779 1090 840 eum,
1114 757 1169 843 qui

158 850 205 914 sic
236 853 333 912 natus
366 847 479 932 fuerit,
515 846 689 929 multiplici
724 847 885 911 malorum
922 846 1168 912 continuatione

158 937 349 1021 prosternit:
372 957 479 1019 neque
503 936 589 999 enim
612 934 739 1000 definiri
762 939 819 998 aut
842 934 1006 1020 designari
1029 940 1169 1018 possunt

158 1025 258 1108 mala,
286 1046 367 1108 quae
396 1047 433 1088 ex
462 1024 526 1088 ista
549 1023 702 1088 Mercurii
731 1046 768 1088 ac
795 1022 913 1088 Martis
941 1023 1169 1090 coniunctione

158 1113 361 1198 proveniunt.
405 1111 439 1177 δί
463 1134 538 1177 vero
562 1113 609 1177 sic
632 1111 777 1196 positum
795 1111 993 1176 Mercurium
1017 1111 1109 1177 Mars
1133 1113 1199 1178 dea

159 1201 289 1286 trigono
313 1201 505 1286 respexerit,
532 1201 612 1266 facit
635 1200 800 1265 hominem
822 1201 918 1265 bonis
942 1223 980 1265 ac
1003 1202 1169 1286 prosperis

130 1291 287 1354 3actibus
312 1290 472 1373 occupari.
517 1289 552 1354 Si
575 1311 651 1354 vero
674 1289 854 1354 Mercurius
879 1290 925 1354 sic
948 1289 1117 1373 partiliter
1137 1290 1170 1355 in

159 1384 320 1443 nocturna
335 1379 485 1464 genitura
503 1378 538 1442 in
551 1378 732 1462 horoscopo
747 1378 847 1442 fuerit
862 1378 1026 1461 inventus,
1044 1379 1168 1444 divinos

160 1468 308 1532 sensibus
335 1468 416 1532 facit
443 1471 476 1532 et
505 1467 560 1552 qui
588 1468 709 1551 omnia,
738 1489 819 1551 quae
848 1468 977 1552 volunt,
1003 1466 1168 1532 facillimis

160 1579 287 1639 semper
301 1557 482 1621 rationibus
503 1561 754 1640 consequentum
772 1556 884 1620 reddet
898 1555 999 1619 etiam
1012 1555 1167 1621 honestos
1179 1578 1200 1620 a

159 1647 305 1709 moribus
329 1649 362 1710 et
386 1667 510 1730 graves,
533 1646 715 1709 rationibus
740 1645 840 1708 etiam
862 1643 942 1708 facit
962 1645 1167 1729 praepositos

161 1739 218 1799 aut
246 1734 497 1799 conductionum
530 1738 586 1798 aut
613 1735 906 1797 instrumentorum
939 1737 997 1796 aut
1030 1733 1169 1820 vectiga-

160 1822 240 1886 lium
265 1827 322 1887 aut
340 1821 600 1908 negotiationum
624 1826 680 1886 aut
698 1844 883 1886 mensarum
907 1826 941 1886 et
958 1822 1167 1888 fenerationis

159 1912 296 1997 negotia
319 1916 506 1976 tractantes.
542 1910 669 1974 Reddet
692 1911 791 1975 etiam
815 1911 861 1975 sic
883 1933 941 1995 per
958 1915 1092 1976 noctem
1110 1909 1168 1977 col·

159 2000 287 2065 locatus
323 2002 558 2082 imperatorum
595 2004 652 2063 aut
688 1999 990 2082 potentissimorum
1006 2069 1009 2074 ,
1027 1999 1200 2066 iudicumn

160 2088 347 2172 frequenter
369 2089 579 2174 interpretes3
592 2089 658 2170 sed
680 2087 890 2152 haecomnia
912 2088 1092 2154 secuudum
1114 2089 1169 2154 dif-

161 2178 334 2243 ferentiam
359 2176 501 2242 decernit
525 2177 779 2261 qualitatemque
804 2178 981 2262 signorum.

131 2264 152 2327 4
249 2265 288 2330 In
312 2267 452 2330 secundo
475 2267 547 2330 loco
571 2264 750 2329 Mercurius
779 2265 819 2330 ab
842 2265 1025 2350 horoscopo
1054 2265 1170 2332 consti·

161 2357 268 2437 tutus,
296 2355 380 2418 siin
404 2354 565 2418 matutino
589 2358 663 2419 ortu
686 2353 785 2417 fuerit
808 2355 968 2436 inventus,
993 2353 1094 2419 faciet
1116 2355 1170 2419 ho

161 2441 264 2505 mines
289 2443 453 2526 obscuros,
477 2443 651 2507 sceleratae
675 2443 804 2527 mentis,
827 2443 949 2508 alienos
974 2444 1014 2507 ab
1035 2442 1201 2509 scientias

160 2530 342 2595 litterarum
377 2535 410 2594 et
438 2532 493 2614 qui
522 2532 566 2595 sit
598 2531 638 2594 ab
670 2531 758 2596 omni
785 2531 873 2596 vitae
902 2530 1048 2596 subsidio
1076 2532 1171 2597 desti-

161 2623 262 2683 tutus.
310 2618 345 2684 δί
368 2642 445 2684 vero
474 2620 508 2683 in
531 2620 593 2685 hoc
617 2621 688 2684 loco
712 2621 914 2705 vespertinus
938 2619 1039 2685 fuerit
1066 2625 1102 2686 et
1130 2621 1171 2686 sit

161 2712 319 2773 nocturna
343 2707 501 2794 genitura,
525 2708 623 2773 faciet
645 2708 844 2774 feneratores
867 2708 1092 2795 negotiatores
1117 2713 1172 2775 aut

162 2798 218 2881 qui
246 2798 424 2862 alienarum
453 2820 562 2862 curam
586 2820 694 2862 rerum
720 2796 1047 2883 procurationemque
1076 2798 1172 2864 susti·

161 2891 270 2951 neant.
308 2885 343 2951 δί
366 2908 442 2951 vero
465 2887 499 2951 in
519 2888 633 2952 diurna
652 2885 802 2970 genitura
827 2887 873 2951 sic
893 2887 994 2952 fuerit
1010 2884 1202 2968 inventust·

160 2975 241 3040 facit
270 2975 455 3061 philologos
485 2981 542 3040 aut
569 2975 806 3040 laboriosarum
833 2975 1017 3040 litterarum
1049 2977 1172 3061 peritos

251 3172 315 3222 2et
333 3169 396 3222 add.
412 3165 469 3219 VA'
525 3167 675 3236 dnegatia
694 3173 728 3220 1²⁵
782 3166 860 3221 bvel
877 3166 1016 3221 adam
1033 3169 1037 3238 Ι
1055 3171 1108 3223 aut
1125 3170 1173 3241 ac]

161 3239 203 3293 ita
221 3242 254 3292 ut
321 3245 337 3293 8
355 3255 457 3307 nequa,
476 3254 543 3292 corr.
563 3237 592 3289 A'
611 3242 614 3306 l
632 3237 746 3291 diffiniri
766 3244 813 3291 PV
881 3244 896 3291 9
915 3238 1038 3363 Mamili
1047 3243 1129 3295 mert.
1148 3246 1175 3294 1

164 3316 195 3364 11
215 3310 302 3364 faciet
320 3316 343 3363 V
425 3314 457 3361 12
477 3308 529 3381 sic]
549 3307 586 3361 sit
603 3314 700 3361 mv
726 3311 774 3378 qai
791 3310 843 3364 del.
917 3315 950 3363 13
968 3309 1000 3362 in
1039 3326 1174 3383 oroscopo

162 3399 211 3435 ora.
231 3387 254 3434 V
334 3387 365 3434 17
386 3382 614 3447 strumentorum,
637 3397 705 3434 corr.
726 3381 790 3435 sita
870 3386 904 3435 18
922 3380 1176 3437 fenerationumis

162 3452 216 3521 (his
235 3455 276 3521 V),
296 3468 362 3506 corr.
381 3452 444 3507 Stra
498 3457 532 3504 20
549 3449 685 3504 iudicium
703 3458 751 3504 PR
805 3457 838 3505 26
858 3450 915 3506 sint
932 3457 955 3504 V
971 3453 975 3523 l
992 3452 1129 3509 destituti
1145 3452 1174 3508 A'

163 3528 196 3575 27
216 3522 253 3575 sit
271 3523 299 3594 a]
320 3522 392 3575 siin
463 3527 498 3576 28
517 3521 675 3591 negotiares
694 3528 714 3575 P
785 3527 817 3576 31
838 3521 956 3593 pilogos,
975 3539 1044 3579 corr.
1063 3542 1084 3578 v
