2416 3840
498 187 538 241 111
551 193 576 257 3,
591 177 688 244 ιε’-24.
1032 189 1095 253 113

87 335 168 420 quid
198 334 227 398 ei
254 334 305 398 vel
328 333 488 398 honorum
515 332 566 396 vel
593 332 764 418 dignitatis
792 335 956 398 conlatum
986 334 1095 418 fuerit,

87 423 294 489 miseriarum
317 426 415 506 atquc
438 420 640 486 infelicitatis
662 421 846 486 incursione
871 427 1023 488 mutatur.

178 511 217 576 In
244 511 433 576 duodecimo
465 511 537 575 loco
564 507 712 600 Iuppiter
741 511 783 574 ab
812 512 994 596 horoscopo
1023 512 1148 577 con-22

89 599 226 666 stitutus
254 600 411 664 maximas
440 597 582 664 decernit
609 597 831 683 infelicitates,
863 600 942 665 facit
970 622 1096 686 semper

64 689 243 756 sinimioos
271 692 421 773 potentes
454 692 487 752 et
519 687 574 772 qui
606 709 680 751 eum
708 688 821 753 crebra
849 692 1011 771 potestate
1044 691 1098 754 de-

62 816 65 825 2
93 782 248 861 terreant,
271 775 464 861 praesertim
483 776 511 840 si
529 774 693 859 partiliter
710 777 928 860 horoscopum
947 778 1098 843 malivola

93 867 190 932 stella
212 865 407 949 possederit,
429 865 480 928 vel
504 864 532 928 si
556 864 602 929 sic
624 862 701 929 Iove
725 866 904 931 constituto
929 864 1041 951 [idest]
1065 867 1099 931 in

92 953 166 1020 Vll.
190 959 283 1038 parte
309 953 483 1037 horoscopi
511 952 599 1017 Mars
627 952 726 1018 fucrit
753 953 910 1019 inventus.
957 953 1042 1019 Nam
1071 956 1099 1020 si

93 1044 141 1109 sic
164 1044 241 1108 Iove
270 1042 449 1108 constituto
477 1040 562 1106 idest
589 1040 624 1106 in
651 1041 725 1106 XII.
748 1043 819 1107 loco
848 1043 888 1107 ab
915 1042 1098 1128 horoscopo

51 1160 79 1199 ιο
94 1132 183 1197 Mars
206 1132 240 1195 in
264 1152 380 1196 occasu
403 1131 570 1216 geniturae
598 1129 697 1195 fucrit
721 1131 932 1216 constitutus,
959 1132 1042 1198 idest
1065 1134 1100 1197 in
1125 1138 1126 1145 ’

64 1256 67 1267 ‹
96 1220 167 1287 VII.
191 1221 231 1305 ab
254 1220 436 1303 horoscopo
460 1220 545 1304 loco,
572 1217 782 1285 biothanatos
806 1221 874 1285 sine
898 1221 1099 1286 dubitatione

93 1309 248 1395 perficiet.
295 1308 421 1372 Maiora
444 1313 552 1375 autem
576 1311 671 1372 erunt
693 1309 772 1373 haee
796 1309 882 1374 mala
911 1313 944 1373 et
971 1310 1101 1374 fortiori
1111 1311 1152 1375 23

95 1399 281 1464 calamitate
308 1396 506 1482 praevalida,
535 1397 563 1461 si
590 1396 624 1460 in
647 1395 720 1461 XII.
744 1398 816 1462 loco
844 1398 956 1462 Iovem
984 1400 1101 1486 eonsti-

95 1491 206 1552 tutum
236 1508 294 1571 per
326 1486 520 1550 diametrum
549 1484 604 1550 Sol
638 1483 861 1569 Saturnusque
893 1488 1101 1570 respexerint.

54 1602 81 1642 ιε
96 1577 205 1646 Erunt
228 1579 337 1640 autern
360 1596 516 1659 pauperes
541 1575 737 1658 aerumnosi,
764 1575 792 1638 si
816 1576 862 1639 sic
884 1574 960 1640 Iove
985 1574 1103 1640 eonsti-

98 1668 170 1729 tuto
194 1663 228 1727 in
249 1668 409 1728 nocturna
432 1662 583 1748 genitura
605 1663 754 1727 deficiens
783 1685 817 1728 se
840 1662 933 1728 Luna
957 1686 1015 1748 per
1038 1663 1103 1728 dia-

99 1755 240 1817 metrum
264 1750 462 1836 opposuerit.
503 1750 637 1815 sivero
660 1773 763 1835 neque
787 1752 817 1816 ci
841 1749 897 1817 Sol
919 1774 1023 1837 neque
1048 1750 1103 1817 Sa·
1201 1807 1204 1812 .

82 1848 214 1906 ‘turnus
245 1840 279 1904 in
307 1841 465 1905 diametro
494 1839 617 1904 fuerint
649 1845 682 1904 et
714 1840 799 1905 bona
831 1841 999 1926 geniturae
1031 1842 1104 1905 loca

99 1930 302 2014 possederint
328 1933 387 1994 nec
406 1929 578 1993 *deficienti
605 1929 726 1992 lumine
753 1927 824 1993 Iovi
851 1952 884 1993 se
910 1928 1001 1993 Luna
1030 1951 1103 1994 con·

54 2046 84 2085 ao
100 2019 227 2103 tulerit,
250 2017 349 2082 faciet
373 2039 442 2102 eos,
469 2017 524 2100 qui
549 2017 594 2082 sic
617 2017 790 2082 habuerint
812 2017 936 2102 Iovem,
965 2018 1104 2102 quodam

101 2108 215 2172 subtili
241 2106 380 2171 artificio
409 2128 503 2190 saepe
516 2106 699 2189 pollentes,
728 2111 783 2173 aut
810 2106 957 2171 aurifices
986 2111 1042 2170 aut
1066 2129 1104 2171 ex

103 2218 182 2260 auro
205 2200 312 2261 vestes
335 2195 507 2279 pingentes
531 2200 588 2259 aut
610 2194 812 2260 inauratores
837 2199 893 2259 aut
912 2195 1103 2261 musivarius

102 2289 160 2350 aut
187 2306 226 2348 ex
249 2288 385 2369 argento
414 2284 571 2367 quaedam
598 2283 751 2348 facientes
780 2305 885 2367 opera.
932 2283 1106 2368 Adpetitur

103 2378 214 2438 autem
236 2376 334 2456 atquc
357 2373 521 2456 laudatur,
549 2394 769 2456 quaecumque
794 2395 846 2437 ars
869 2371 982 2457 fuerit,
1007 2372 1035 2437 si
1059 2373 1106 2438 sic

57 2487 88 2530 aa
102 2462 174 2527 Iovi
198 2461 377 2526 constituto
396 2459 532 2526 Veneris
555 2482 625 2526 sese
648 2461 744 2526 stella
768 2465 928 2546 oportuna
951 2462 1105 2527 societate

101 2550 313 2618 coniunxerit.

189 2639 228 2704 In
256 2638 333 2703 Iove
361 2660 488 2722 quoque
519 2638 554 2702 in
584 2638 899 2703 duodecatemorium
931 2639 1104 2725 diligenter
1114 2638 1158 2704 24

102 2728 243 2811 inquire,
270 2731 307 2791 ut
332 2727 413 2810 (ex)
440 2727 720 2792 duodecatemorio
748 2727 832 2791 vires
860 2728 928 2792 cius
956 2727 1106 2812 diligenti

102 2818 229 2881 ratione
252 2816 424 2900 repperias.

195 2997 208 3043 1
224 2989 251 3044 ei
265 3007 314 3045 cm.
329 2994 377 3041 aa
430 2996 448 3044 4
461 2988 620 3057 felicitates,
634 3005 701 3044 corr.
711 2994 734 3041 V
747 3005 797 3044 rec.
852 2994 868 3044 5
882 3005 946 3043 eum
959 2990 1008 3060 aa]
1023 3006 1086 3042 cum
1100 2988 1106 3070 Ι

104 3064 270 3117 deteranto
342 3060 467 3130 lposito
486 3066 513 3113 H
542 3061 546 3131 l
576 3058 650 3114 idest
667 3059 717 3115 dcl.
736 3080 753 3114 a
830 3063 945 3130 8parte
962 3061 1108 3128 horoscopr

100 3140 211 3204 practer
228 3134 350 3199 solitum,
368 3133 402 3199 cf.
422 3136 496 3199 68st
568 3131 605 3184 12·
619 3132 711 3203 crunt]
735 3138 819 3185 cra?
892 3137 924 3184 13
943 3128 1108 3199 calamitati,

104 3222 173 3260 corr.
192 3209 215 3257 Δ
231 3205 235 3275 Ι
251 3202 404 3274 pualidaP
469 3207 501 3256 1¹1
519 3203 582 3268 fort.
602 3203 652 3256 del.
671 3201 698 3256 ei
763 3208 795 3256 19
815 3201 955 3256 deficienti
974 3202 1109 3256 oblatiore

106 3281 141 3329 20
161 3274 201 3328 sic
218 3280 302 3340 Qsl’
373 3279 406 3327 27
428 3272 675 3328 duodecathemcr-
690 3273 771 3344 (idem
789 3276 833 3341 28)
884 3279 918 3326 28
937 3289 971 3325 ex
990 3272 1052 3326 add.
1067 3272 1106 3345 κΙ

61 3358 65 3364 ·
105 3363 197 3415 aures,
215 3362 283 3401 corr.
302 3342 333 3398 A'

160 3640 286 3692 Fundus,
300 3638 336 3683 cd.
350 3638 434 3682 Kroll
449 3643 472 3682 at
486 3638 617 3682 Skutsch.
642 3638 661 3680 L
