2408 3840
511 189 524 242 I
540 194 563 257 ⁷,
578 205 673 246 ss-sa
1057 189 1099 253 27

90 336 204 420 lingua
222 355 334 399 vocem
353 334 486 418 reliquit
504 335 538 399 in
555 335 718 418 faucibus3
737 335 777 398 ad
791 339 994 420 postremum
1011 335 1100 399 omni
1193 351 1197 363 ·

92 423 237 507 corporis
261 427 353 506 parte
377 424 530 487 mutilata
554 423 649 506 oculi,
673 422 729 507 qui
746 423 877 488 fuerant
899 427 1100 507 spectatores

93 516 126 576 et
149 513 352 595 superstites,
375 516 565 596 egeruntur;
593 516 626 576 et
652 512 687 576 in
709 516 778 576 tam
801 518 942 598 augusto
965 534 1100 596 corpore

94 622 114 664 a
134 599 259 665 nefario
282 601 407 685 patriae
432 601 581 666 carnifice
605 604 656 664 tot
687 604 762 665 sunt
784 600 918 665 inventa
941 601 1102 685 supplicia
1159 672 1162 676 ,

63 693 125 758 set
147 688 201 754 vix
224 690 332 753 anima
355 689 456 753 tantis
475 689 663 753 vulneribus
687 694 823 774 erogata
846 693 905 773 est,
928 690 1101 755 cumhinc

91 777 165 842 inde
188 778 314 842 damnis
337 778 514 843 fluentibus
534 778 721 843 minutatim
746 778 880 863 spiritus
904 781 1098 863 carperetur.

92 865 156 931 Sed
177 866 318 930 forsitan
341 867 426 931 circa
449 867 537 931 solos
560 867 647 931 viros
672 865 747 931 talis
772 871 822 931 est
850 867 991 931 leuitatis
1015 870 1099 931 atro·
1111 867 1153 931 32

91 957 190 1020 citato
226 956 418 1040 grassatus?
472 955 557 1020 Ecce
594 956 629 1019 in
664 955 940 1039 proscriptionum
977 955 1099 1019 tabulis

53 1044 56 1048 ’
91 1045 192 1108 etiam
215 1043 388 1118 mulierum
406 1066 443 1108 ac
462 1047 685 1108 matronarum
708 1044 841 1108 nomina
860 1044 1042 1128 adscripsit,
1063 1047 1101 1107 ut

50 1162 77 1200 ro
91 1154 150 1217 per
173 1153 267 1196 omne
290 1133 468 1197 humanum
492 1154 594 1218 genus
618 1137 786 1197 cruentam
809 1133 910 1218 gladii
936 1136 1100 1198 exerceret

90 1226 297 1306 potestatem.
343 1220 418 1287 Non
446 1222 545 1285 habet
573 1223 703 1286 modum
736 1220 820 1305 [neo]
853 1227 986 1286 cruenta
1014 1221 1100 1305 cupi·

90 1311 176 1375 ditas
202 1333 262 1375 nec
290 1309 419 1374 infinita
451 1311 570 1374 civium
598 1315 708 1397 strage
739 1311 887 1375 satiatur.
932 1308 1099 1374 Romanus
1112 1311 1153 1375 33

90 1399 146 1464 ille
173 1400 312 1483 populus
341 1399 487 1463 subactis
517 1399 666 1464 omnibus
695 1399 864 1484 gentibus,
887 1402 1100 1482 posteaquam
1133 1416 1136 1423 ·

93 1492 266 1571 peragrato
287 1487 364 1552 orbe
384 1491 482 1571 atque
496 1509 647 1571 possesso
665 1491 845 1552 extremum
865 1488 964 1551 etiam
979 1487 1099 1551 Oceani
1121 1493 1124 1498 '

52 1603 78 1642 ιι
93 1577 172 1640 litus
192 1577 368 1657 inventum,
390 1576 511 1640 servire
530 1577 717 1660 compulsus
737 1581 787 1640 est
805 1575 930 1640 nefario
951 1575 1100 1660 Syllanae

91 1665 266 1748 potestatis
289 1665 426 1747 imperio
446 1663 624 1728 debilitatis
648 1666 794 1729 omnium
813 1664 930 1728 animis
954 1668 1044 1728 metu
1067 1667 1101 1728 et

93 1752 203 1816 miseri
223 1751 350 1816 timoris
369 1752 585 1835 trepidatione
603 1755 773 1837 possessis.
805 1752 896 1818 Inter
915 1754 1004 1838 leges
1020 1751 1100 1816 Por-

92 1841 159 1905 cias
178 1841 331 1925 legesque
351 1839 560 1924 Semproniae
580 1864 653 1905 oum
672 1843 816 1906 omnium
836 1842 955 1907 civium
974 1842 1099 1926 gemitu

93 1930 190 1993 etiam
218 1929 351 1992 tertiam
379 1929 627 2013 proscriptionis
655 1930 802 1995 tabulam
825 1931 934 2013 posuit
956 1951 1015 1994 nec
1038 1930 1101 1993 hoc

50 2046 79 2086 so
93 2021 265 2083 contentus
289 2018 385 2101 malo,
407 2018 553 2100 nequod
577 2019 695 2083 aetatis
714 2041 791 2082 suae
811 2024 939 2101 tempus
962 2039 1100 2082 vacuum

92 2129 112 2171 a
131 2107 306 2171 sceleribus
326 2110 516 2188 reservaret,
529 2106 718 2171 Lucretium
735 2108 801 2170 iam
820 2107 967 2190 privatus
983 2104 1101 2170 occidit

91 2199 125 2259 et
148 2196 295 2278 deposita
318 2196 409 2280 regia
435 2200 601 2279 potestate
625 2196 724 2260 animi
752 2199 863 2259 tamen
893 2196 927 2258 in
950 2195 1007 2258 illo
1030 2215 1100 2279 per-

90 2284 216 2349 niciosa
240 2284 414 2348 crudelitas
432 2290 627 2368 perseverat.
666 2284 766 2349 Visne
786 2283 909 2367 aliquid
931 2284 1003 2367 tibi,
1023 2283 1099 2367 quia
1109 2285 1154 2349 34

91 2374 125 2437 in
150 2371 322 2457 Syllanicis
342 2374 543 2457 temporibus
562 2374 784 2458 immoramur,
806 2373 845 2436 de
869 2374 942 2437 lacu
961 2371 1099 2437 Servilio

49 2488 77 2528 ιι
91 2462 239 2546 referam,
261 2462 296 2526 in
315 2483 378 2546 quo
403 2463 581 2526 multorum
600 2466 787 2527 senatorum
804 2461 914 2545 capita
932 2463 972 2525 ad
992 2465 1098 2527 osten-

92 2550 250 2615 tationem
264 2551 480 2614 inmanissimi
500 2550 653 2615 facinoris
672 2551 769 2615 sectis
787 2550 965 2616 cervicibus
984 2572 1100 2635 pepen-

92 2640 230 2703 derunt?
270 2637 481 2723 Reipublicae
500 2639 634 2703 vulnera
652 2639 738 2703 inter
756 2639 828 2723 ipss
846 2639 979 2704 deorum
998 2638 1100 2724 pulvi-

91 2728 185 2792 naria
221 2729 419 2792 constitutus
455 2728 542 2792 inter
578 2749 686 2793 sacras
723 2727 935 2792 caerimonias
971 2727 1099 2811 positus

181 2900 368 2970 lreliquidl’
423 2901 681 2956 2f11eruntcorrv
735 2907 788 2955 ta
803 2903 833 2973 v]
853 2918 886 2954 ac
940 2900 1099 2982 6dampnis

91 2977 134 3033 Po
147 2973 381 3027 obscuriorobocc
430 2971 518 3026 'Itali
530 2973 630 3028 Usener
679 2975 850 3026 8crassatus
864 2977 907 3033 Pe
956 2970 1101 3026 9nomina

96 3044 207 3115 Usener]
226 3058 327 3097 nomen
352 3045 356 3114 Ι
382 3042 567 3113 asscripsit!
585 3042 751 3113 ascripsittl
823 3048 858 3096 10
871 3058 980 3096 omnem
997 3047 1018 3095 P
1034 3045 1038 3112 Ι
1055 3058 1101 3095 ex-

91 3115 243 3168 hereret?
269 3116 332 3181 sort.
355 3121 423 3170 recte
514 3121 545 3168 11
570 3130 621 3168 nec
648 3116 794 3169 delevimus
820 3116 882 3183 (nec
907 3115 1022 3169 adm
1048 3113 1099 3168 del.

92 3186 330 3255 Mowrmbrecbcr)
383 3191 415 3239 12
434 3188 551 3267 strages,
566 3202 633 3240 corr
644 3184 673 3238 A'
727 3191 761 3239 14
774 3185 889 3239 occeani
902 3190 929 3237 Ι
979 3190 1013 3238 lt
1027 3201 1100 3238 oom-

90 3256 203 3325 pulsum
212 3261 254 3315 Po
302 3263 335 3310 16
350 3256 516 3310 debibitaus
530 3261 565 3308 P·
580 3258 584 3326 Ι
601 3256 730 3310 omnibus
749 3256 910 3315 omniqu
959 3261 991 3309 11
1006 3254 1101 3309 miseri

91 3329 158 3408 (siue
171 3327 283 3408 misera)
298 3327 406 3408 timoris
426 3345 441 3380 σ
458 3329 522 3382 111
506 3333 551 3393 1,9
562 3340 593 3381 ιο.
616 3327 661 3381 VI
669 3328 717 3395 fol.
730 3328 840 3381 LXXI
841 3328 922 3382 Vcot
938 3328 1036 3382 tmed
1051 3328 1087 3382 ol.

90 3397 211 3452 miseriis
233 3396 334 3452 minori
357 3397 462 3466 (miseri
480 3398 595 3452 minoris
613 3401 645 3468 Δ)
675 3402 679 3467 Ι
708 3398 843 3467 possessis
866 3399 902 3452 ab
922 3402 1075 3460 auotoreQ

90 3467 168 3540 leges
182 3469 219 3523 ab
234 3471 377 3524 auctore?
423 3476 456 3523 19
469 3469 584 3524 tertiam
597 3475 681 3528 omo
725 3475 759 3523 20
777 3472 984 3550 contemptusQ
999 3471 1003 3540 Ι
1018 3472 1100 3524 necl‘

92 3546 125 3594 11
145 3540 182 3594 ab
200 3545 227 3592 Ι
252 3541 255 3608 Ι
280 3539 432 3637 sceleribus
451 3546 471 3593 P
495 3544 500 3610 Ι
524 3539 675 3595 lucreciam
692 3546 727 3592 P·
798 3546 833 3594 24
851 3539 1021 3596 inmoramur
1039 3547 1061 3603 Q
