2416 3840
482 167 669 238 mar-10„
1030 168 1073 234 99

65 313 253 400 sycofantas
282 314 385 378 malos
414 312 585 378 malivolos
612 313 739 378 invidos
767 312 947 379 malitiosos
975 314 1074 380 faciet

65 408 99 469 et
123 404 209 468 mala
231 423 358 486 semper
381 405 486 467 morte
508 406 688 485 pereuntes.

154 491 193 556 In
217 494 331 575 quarto
354 490 426 556 loco
451 488 611 556 Saturnus
638 492 679 555 ab
702 491 884 576 horoscopo
909 491 1102 575 partiliter8

65 579 282 666 constitutus,
309 581 342 644 id
366 584 415 644 est
438 580 473 644 in
494 578 593 662 ΙΜΟ,
617 580 645 644 si
667 601 725 664 per
747 579 833 644 diem
855 580 942 644 hunc
964 581 1074 645 locum

38 670 221 754 stenuerit‚
249 668 347 733 faciet
373 669 581 753 pecuniarum
610 669 736 752 avidos,
766 669 915 734 custodes
942 670 1012 733 auri
1039 673 1074 734 et

65 759 203 845 argenti.
240 757 303 822 Per
324 762 455 822 noctem
477 779 553 822 vero
576 757 611 821 in
633 758 696 823 lroc
719 758 814 843 signo
838 757 863 822 si
888 755 997 841 fuerit,
1018 779 1073 841 pa·

64 852 194 912 ternum
216 847 450 931 patrimonium
472 845 610 930 dissipat
632 850 665 911 et
685 847 783 911 citam
806 845 911 930 patris
933 850 1072 910 mortem

63 936 174 1017 faciet,
199 935 419 1021 aegritudines
442 935 541 999 etiam
564 956 681 1021 graves
705 940 738 999 et
760 935 896 1020 frigidos
919 935 1071 1000 horrores

65 1024 224 1110 corporis,
252 1028 285 1088 et
312 1024 347 1088 in
369 1023 475 1107 prima
498 1027 604 1088 aetate
632 1023 731 1089 faciet
759 1045 885 1108 semper
907 1023 1071 1088 infamem.

24 1140 50 1180 ιο
64 1111 101 1179 Si
124 1135 200 1178 vero
224 1112 350 1177 Lunam
378 1113 416 1177 de
440 1113 599 1197 quadrato
626 1114 677 1177 vel
706 1113 744 1177 de
767 1113 925 1177 diametro
952 1112 1100 1177 viderit9

63 1206 122 1268 aut
145 1201 173 1266 si
196 1201 288 1266 Luna
316 1201 351 1265 in
378 1201 490 1265 eadem
516 1206 609 1285 parte
636 1201 736 1266 fuerit
762 1223 827 1286 qua
853 1202 922 1285 ipse
951 1201 1070 1267 consti·

63 1295 145 1372 tuta,
164 1291 374 1355 sterilitatem
392 1291 533 1354 filiorum
551 1289 662 1374 faciet3
686 1290 775 1375 cogit
794 1311 877 1373 eum,
899 1290 955 1373 qui
972 1294 1069 1354 natus

61 1379 176 1463 fuerit,
202 1377 325 1444 alienos
353 1379 417 1443 sibi
439 1379 525 1444 filios
550 1379 703 1462 adoptare
732 1383 789 1442 aut
815 1382 940 1443 tutores
963 1379 1069 1462 pupil-

61 1469 169 1533 lorum
191 1467 271 1532 facit
294 1471 327 1531 et
350 1490 388 1532 ex
407 1467 585 1532 latentibus
605 1468 771 1532 doloribus
795 1470 970 1551 perpetuae
992 1466 1070 1531 vali-

20 1583 47 1625 15
62 1557 186 1622 tudinis
209 1557 289 1621 vitio
314 1556 481 1621 deformat.
527 1556 667 1620 Matrem
690 1577 766 1620 vero
791 1556 867 1637 eius,
891 1554 948 1639 qui
970 1559 1067 1620 natus

61 1651 128 1730 est,
155 1644 219 1710 cito
241 1646 372 1709 viduam
395 1644 501 1709 reddit
529 1649 562 1709 et
589 1667 628 1709 ex
651 1644 865 1709 muliebribus
893 1664 1009 1729 graves
1039 1642 1068 1707 ei

61 1733 256 1800 valitudines
278 1734 445 1819 inrogabit
468 1732 690 1817 stomachique
715 1733 795 1797 facit
821 1732 988 1816 perpetuis
1012 1733 1068 1796 do·

59 1823 187 1888 loribus
210 1822 351 1908 fatigari.

149 1911 190 1976 In
209 1911 322 1995 quinto
341 1911 414 1976 loco
430 1908 588 1976 Saturnus
608 1910 649 1974 ab
663 1910 844 1994 horoscopo
860 1909 1067 1995 constitutus,
1079 1910 1120 1974 10

18 2027 46 2067 ιο
61 2000 91 2066 si
112 2021 171 2085 per
193 2000 278 2065 diem
300 2000 334 2064 in
357 1999 422 2065 isto
447 2000 518 2065 loco
542 1998 650 2077 fuerit,
673 2019 767 2084 reges
789 1997 887 2063 faciet
911 2020 947 2062 ac
969 1999 1066 2062 duces

61 2094 96 2155 et
122 2089 262 2153 maxima
289 2088 429 2174 largitur
456 2087 597 2172 insignia
624 2087 807 2171 potestatis.
854 2085 890 2151 Si
915 2109 991 2152 vero
1020 2087 1067 2151 sic

62 2177 203 2244 Saturno
226 2176 334 2262 posito
355 2175 411 2242 Sol
433 2178 467 2241 in
485 2182 578 2261 parte
601 2175 775 2259 horoscopi
797 2175 896 2239 fuerit
914 2176 1065 2242 inventus

60 2271 95 2332 et
114 2265 373 2332 coniunctionem
392 2266 502 2331 Lunae
522 2265 681 2330 Saturnus
701 2264 875 2329 crescentis
894 2263 1064 2348 exceperit,

59 2358 234 2440 perpetuas
263 2355 379 2420 tribuit
405 2355 578 2420 felicitates
612 2358 645 2418 et
672 2354 833 2417 maiorum
862 2356 1064 2437 potestatum

14 2450 249 2512 orornamenta
272 2445 422 2510 decernit.
471 2443 605 2509 sivero
630 2444 676 2508 sic
700 2440 840 2507 Saturno
863 2441 971 2526 posito
998 2463 1064 2507 non

57 2533 127 2617 Sol,
155 2534 210 2597 sed
234 2533 380 2617 Iuppiter
402 2535 436 2597 in
458 2532 640 2616 horoscopo
664 2531 777 2615 buerit,
805 2531 904 2596 faciet
926 2531 1062 2596 minoris

55 2623 120 2688 loci
143 2620 354 2707 magistratus
383 2626 415 2687 et
444 2623 500 2697 cui
523 2622 724 2706 singularum
754 2619 923 2685 civitatum
947 2620 1063 2705 guber-

54 2711 172 2776 nacula
195 2712 326 2775 credant
312 2716 379 2789 tur,
406 2710 553 2775 dominos
582 2714 691 2774 autem
715 2709 849 2773 maximi
871 2708 1061 2792 patrimonii

54 2799 242 2883 faciet‚'t1ta
268 2803 306 2863 ut
333 2821 372 2864 ex
401 2799 469 2864 suis
496 2798 612 2884 opibus
641 2797 740 2862 etiam
769 2797 850 2862 alios
879 2801 1062 2863 sustentare

12 2916 40 2956 ao
55 2847 192 2974 possuit.
234 2887 268 2953 Si
292 2911 368 2954 vero
395 2911 499 2971 neque
527 2887 583 2953 Sol
610 2909 713 2971 neque
736 2885 849 2970 luppit
850 2908 884 2950 er
912 2887 946 2949 in
967 2885 1062 2950 horo-

55 3000 154 3062 scopo
182 2977 304 3041 fuerint
331 2981 365 3041 et
393 2975 651 3042 coniunctionem
674 2973 784 3039 Lunae
808 2973 982 3039 crescentis
1011 2995 1062 3036 ex·

55 3066 222 3151 ceperite
206 3065 340 3130 etsit'
332 3088 366 3129 ιιι
390 3065 504 3149 quinto
469 3064 599 3129 tloco
628 3063 770 3130 constitu
773 3068 839 3145 tus,
870 3062 960 3126 dabit
988 3061 1061 3124 sub·

55 3155 154 3220 stant
147 3178 212 3219 rum
235 3159 268 3219 e
291 3155 499 3236 hereditates3
528 3157 622 3217 erunt
649 3158 759 3216 tamen
781 3151 966 3235 frequenter
992 3147 1060 3213 sine

140 3308 523 3383 lmalivolos]malitiolosv
573 3310 681 3363 tmen
731 3309 791 3362 tin
804 3307 894 3377 prima
908 3304 1060 3376 ulinfirma

54 3389 88 3437 10
102 3382 178 3451 luna,
192 3386 292 3437 corat
343 3389 374 3435 11
390 3379 493 3435 constit
481 3381 567 3447 tutus,
581 3396 648 3436 corr
660 3380 723 3436 suu
768 3387 800 3432 1ἢ
817 3376 1000 3432 sterelitatem
1012 3382 1060 3429 PR

54 3459 88 3508 16
106 3427 270 3507 mulieribus
284 3459 307 3505 V
362 3457 394 3505 17
412 3448 557 3521 inrogauit
574 3449 634 3519 (irr-
651 3455 697 3520 M),
716 3456 821 3505 corint
798 3449 827 3503 A'
884 3455 917 3502 24
935 3449 1060 3517 potestne

52 3527 112 3579 tem
129 3531 157 3578 11
224 3530 256 3578 25
276 3524 315 3578 sie
334 3523 377 3594 A']
396 3523 442 3577 hic
510 3526 542 3574 31
563 3521 772 3594 creslscentisl’
840 3526 873 3578 32
893 3522 1014 3574 sustant-
1032 3525 1060 3572 Ι

861 3611 936 3668 7²¹..
