2416 3840
511 195 551 250 HI
564 201 588 265 6,
604 212 698 251 16—21.
1045 195 1107 259 149

100 342 235 426 palatiis
258 362 372 426 regum
395 341 446 405 vel
470 341 503 404 in
522 341 705 425 potentium
725 342 869 406 virorum
893 340 1043 405 domibus
1066 340 1107 404 ob

101 431 351 495 fabricationem
382 429 499 494 harum
531 452 654 512 rerum,
691 450 772 513 quae
804 429 845 493 ad
878 430 1001 494 cultum
1033 432 1110 493 sunt

102 520 275 584 mulierum
304 518 518 602 necessariae,
551 524 759 601 perseverant
792 518 879 604 grati
912 540 1039 601 semper
1071 539 1110 581 ex

103 608 154 672 his
179 631 216 673 ac
239 607 413 672 necessarii
437 606 514 689 <et>
538 611 672 690 propter
694 606 824 671 haeres
847 606 1108 691 promotionibus

77 697 267 781 saliquibns
292 697 490 761 adornantur
514 700 547 759 et
566 717 605 760 ex
623 695 674 759 his
694 697 790 760 rebus
815 699 989 782 augmenta
1011 695 1112 780 patri-

104 786 205 850 monii
237 786 377 849 maxima
410 789 655 868 consequentur.
707 782 741 848 si
774 806 848 848 vero
888 782 934 848 sic
966 784 1111 868 positam
1120 776 1163 849 20

103 874 264 939 Venerem
291 872 380 938 Mars
409 874 443 938 in
470 873 628 937 diametro
657 873 855 938 constitutus
889 872 939 937 vel
970 872 1005 935 in
1035 894 1110 956 qua·

104 964 197 1028 drato
222 963 412 1047 respexerit,
440 962 633 1046 praesertim
657 962 685 1026 si
708 963 777 1046 ipse
801 962 845 1026 sit
867 962 902 1026 in
924 961 1110 1026 cardinibus

105 1052 312 1130 constitutus,
335 1051 485 1116 inimicos
503 1051 680 1134 habebunt,
702 1050 858 1116 videbunt
877 1050 977 1114 etiam
996 1071 1111 1135 graves
1146 1081 1149 1087 ·

65 1169 90 1208 10
105 1145 227 1206 mortes
251 1140 407 1224 filiorum,
431 1144 527 1204 erunt
550 1140 649 1205 etiam
673 1139 796 1204 inimici
811 1139 957 1219 ,filiorum
981 1142 1037 1204 aut
1061 1138 1113 1202 ad·

105 1228 216 1293 ulterii
235 1234 291 1293 aut
311 1229 417 1313 stupri
437 1250 542 1294 causa.
580 1227 613 1293 δί
633 1251 710 1292 vero
730 1229 776 1294 sic
795 1228 937 1312 positam
952 1225 1113 1292 Venerem

106 1340 179 1383 cum
198 1317 285 1382 Iovis
305 1317 401 1382 stella
420 1316 599 1382 Mercurius
623 1317 660 1381 de
681 1318 838 1400 quadrato
859 1316 1037 1401 respexerit
1060 1316 1111 1379 vel

107 1406 266 1471 Saturnus
286 1406 374 1470 solus
394 1406 428 1469 in
442 1406 601 1470 diametro
616 1404 755 1491 [venerit
769 1404 834 1488 vel]
849 1406 948 1469 fuerit
961 1405 1112 1468 inventus

106 1495 268 1559 Mercurio
292 1495 327 1558 in
350 1495 507 1579 quadrato
531 1494 582 1558 vel
607 1494 774 1578 cumipse
798 1494 986 1576 constituto,
1010 1492 1061 1556 vel
1084 1492 1112 1554 si

67 1611 91 1651 15
107 1585 203 1648 simul
234 1582 393 1647 Saturnus
422 1587 454 1646 et
482 1581 594 1646 Venus
623 1605 696 1647 cum
724 1581 885 1647 Mercurio
912 1580 1012 1645 fuerit
1041 1601 1114 1645 con-

107 1672 234 1752 stituta,
253 1672 287 1734 in
305 1670 367 1736 hoc
380 1670 512 1735 'scilicet
531 1692 595 1754 quo
614 1669 753 1735 diximus
767 1671 849 1754 loco,
867 1670 966 1735 faciet
985 1668 1113 1734 steriles

108 1760 176 1823 sine
197 1760 326 1841 semine,
346 1781 520 1842 puerorum
539 1763 700 1823 amatores
719 1758 910 1824 libidinosos
930 1763 963 1822 et
979 1762 1114 1843 propter
1170 1794 1173 1799 ·

107 1846 186 1912 haec
210 1847 290 1911 vitia
315 1849 349 1912 in
372 1846 555 1912 homicidiis
583 1852 640 1911 aut
663 1848 814 1932 periculis
844 1852 901 1912 aut
924 1847 1113 1912 criminibus

108 1937 313 2001 constitutos.
361 1934 396 2000 δί
428 1958 503 2001 vero
536 1937 653 2001 mulier
686 1937 731 2000 sic
763 1936 914 2001 habuerit
946 1934 1114 2016 Venerem,

67 2055 93 2093 20
108 2025 193 2089 sicut
221 2025 376 2108 diximus,
409 2046 483 2089 cum
510 2024 570 2089 hac
602 2025 727 2090 scilicet
755 2025 979 2090 coniunctione
1007 2023 1115 2088 stella·

108 2137 190 2198 rum,
213 2116 359 2178 virorum
383 2118 474 2178 actus
499 2135 625 2197 semper
647 2113 840 2178 imitabitur.

195 2200 234 2266 In
266 2203 391 2267 decimo
424 2202 495 2267 loco
525 2201 636 2266 Venus
668 2202 709 2266 ab
741 2201 923 2286 horoscopo
956 2201 985 2266 si
1015 2200 1166 2267 fuerit21

107 2292 252 2375 inventa,
280 2291 365 2356 idest
392 2291 426 2355 in
449 2289 534 2374 Mc,
562 2291 660 2356 faciet
689 2290 793 2355 claros
822 2295 855 2354 et
883 2295 1055 2355 coronatos
1082 2295 1115 2354 et

109 2380 226 2464 quibus
250 2380 381 2465 grandis
406 2379 512 2466 gloria
541 2384 574 2444 et
596 2380 728 2444 fortuna
752 2380 892 2444 maxima
920 2379 1115 2445 conferatur.

68 2496 93 2537 25
110 2467 145 2533 Si
168 2492 244 2534 vero
268 2470 330 2534 hoc
355 2470 425 2533 loco
450 2491 522 2534 cum
546 2469 708 2534 Mercurio
731 2467 831 2532 fuerit
854 2469 995 2552 inventa,
1017 2469 1115 2533 faciet

108 2559 257 2622 cordatos
282 2557 471 2641 disciplinae
494 2562 643 2623 auctores
672 2561 705 2622 et
733 2558 802 2641 qui,
831 2558 916 2641 quod
944 2558 1116 2639 voluerint,

107 2646 203 2710 facile
231 2651 478 2730 consequantur.
525 2646 559 2711 δί
586 2646 679 2711 'nulla
707 2644 866 2711 Saturnus
899 2651 932 2710 et
960 2646 1048 2710 Mars
1081 2667 1115 2709 se

108 2735 138 2798 ei
170 2735 349 2800 radiatione
383 2735 625 2818 coniunxerint,
657 2737 729 2820 ipsa
759 2757 836 2800 vero
870 2735 914 2798 sit
945 2734 1115 2815 matutina,

107 2823 188 2887 facit
214 2823 363 2907 publicos
392 2825 532 2888 musicos
561 2829 594 2888 et
623 2825 678 2908 qui
707 2823 877 2907 apopulis
905 2823 1114 2887 honorentur.

68 2939 94 2979 co
110 2909 145 2976 δί
168 2933 244 2976 vero
269 2934 302 2976 se
327 2913 355 2976 ei
381 2911 540 2977 Saturnus
569 2911 678 2997 aliqua
701 2912 880 2977 radiatione
904 2910 1115 2989 coniunxerit,

197 3127 213 3174 4
232 3120 405 3190 necessariis,
419 3137 487 3175 corr.
498 3141 515 3175 κ
531 3123 535 3193 t
552 3122 615 3176 add.
630 3139 647 3174 a
701 3126 717 3173 5
737 3122 890 3175 adorantur
904 3125 957 3172 HV
1014 3125 1045 3171 11
1066 3121 1116 3173 aut

109 3193 133 3246 si
152 3192 241 3262 stupri
260 3189 355 3245 nab
416 3197 449 3245 13
467 3193 518 3247 del.
538 3212 555 3244 a
573 3210 611 3246 aa
630 3191 763 3247 Veneris?
819 3198 853 3246 14
871 3189 1022 3244 mercurius
1041 3190 1114 3263 PR!

107 3266 190 3320 verbu
212 3263 256 3317 vel
280 3263 303 3316 si
321 3269 395 3316 -15
414 3262 569 3317 const'tuta
591 3265 787 3334 1101110109οω
809 3261 914 3316 fuerint
932 3260 1078 3315 constituti
1098 3279 1117 3314 v

26 3335 29 3342 '
109 3342 142 3389 20
160 3335 281 3406 hecltv
345 3333 616 3403 23MC.]merc.1
679 3340 713 3387 26
731 3333 897 3405 (musicae)
915 3331 1080 3402 disciplinae
1098 3353 1116 3386 κ

108 3409 138 3462 cl.
158 3407 279 3472 11112,
299 3417 324 3456 17
340 3408 343 3475 Ι
361 3404 409 3474 qui
432 3405 518 3477 quod]
543 3405 677 3475 quicquid
704 3404 758 3457 Μ’
784 3404 874 3477 (qui)
897 3403 1030 3473 quicquid
1053 3404 1117 3459 Sitti

108 3483 141 3532 28
161 3475 335 3531 coniunxerit
357 3482 411 3529 HV
445 3477 449 3549 1
484 3475 521 3530 sit
539 3475 583 3549 A']
612 3476 635 3530 si
658 3475 693 3547 (si
718 3475 803 3535 fuerit
820 3480 853 3547 V)
943 3474 1116 3530 30eis11³

108 3552 131 3620 (s
150 3550 195 3619 aa)
213 3554 237 3601 R
