<?xml version="1.0" encoding="UTF-8"?>
<!DOCTYPE html PUBLIC "-//W3C//DTD XHTML 1.0 Transitional//EN"
    "http://www.w3.org/TR/xhtml1/DTD/xhtml1-transitional.dtd">
<html xmlns="http://www.w3.org/1999/xhtml" xml:lang="en" lang="en">
 <head>
  <title>
</title>
<meta http-equiv="Content-Type" content="text/html;charset=utf-8" />
  <meta name='ocr-system' content='tesseract 3.04.00' />
  <meta name='ocr-capabilities' content='ocr_page ocr_carea ocr_par ocr_line ocrx_word'/>
</head>
<body>
  <div class='ocr_page' id='page_1' title='image "./iuliifirmicimat00mategoog_0151.png"; bbox 0 0 2416 3840; ppageno 0'>
   <div class='ocr_carea' id='block_1_1' title="bbox 143 117 713 233">
    <p class='ocr_par' dir='ltr' id='par_1_1' title="bbox 143 117 713 233">
     <span class='ocr_line' id='line_1_1' title="bbox 143 117 713 233; baseline -0.021 0"><span class='ocrx_word' id='word_1_1' title='bbox 143 169 209 233; x_wconf 84' lang='lat'><strong>134</strong></span> <span class='ocrx_word' id='word_1_2' title='bbox 547 214 550 219; x_wconf 94' lang='lat'><em>.</em></span> <span class='ocrx_word' id='word_1_3' title='bbox 575 117 713 223; x_wconf 77' lang='lat' dir='ltr'><strong>inmo</strong></span> 
     </span>
    </p>
   </div>
   <div class='ocr_carea' id='block_1_2' title="bbox 85 312 1188 2885">
    <p class='ocr_par' dir='ltr' id='par_1_2' title="bbox 141 312 1188 842">
     <span class='ocr_line' id='line_1_2' title="bbox 143 312 1152 400; baseline -0.002 -21"><span class='ocrx_word' id='word_1_4' title='bbox 143 315 242 379; x_wconf 84' lang='lat' dir='ltr'><strong>variis</strong></span> <span class='ocrx_word' id='word_1_5' title='bbox 261 313 341 379; x_wconf 89' lang='lat' dir='ltr'><strong>facit</strong></span> <span class='ocrx_word' id='word_1_6' title='bbox 361 314 532 400; x_wconf 82' lang='lat' dir='ltr'><strong>generibus</strong></span> <span class='ocrx_word' id='word_1_7' title='bbox 552 314 706 398; x_wconf 87' lang='lat' dir='ltr'><strong>deperire,</strong></span> <span class='ocrx_word' id='word_1_8' title='bbox 725 312 797 398; x_wconf 88' lang='lat' dir='ltr'><strong>&lt;si&gt;</strong></span> <span class='ocrx_word' id='word_1_9' title='bbox 816 313 851 377; x_wconf 90' lang='lat' dir='ltr'><strong>in</strong></span> <span class='ocrx_word' id='word_1_10' title='bbox 869 316 960 377; x_wconf 84' lang='lat' dir='ltr'><strong>sexto</strong></span> <span class='ocrx_word' id='word_1_11' title='bbox 979 313 1053 378; x_wconf 89' lang='lat' dir='ltr'><strong>loco</strong></span> <span class='ocrx_word' id='word_1_12' title='bbox 1074 312 1152 379; x_wconf 84' lang='lat' dir='ltr'><strong>Sole</strong></span> 
     </span>
     <span class='ocr_line' id='line_1_3' title="bbox 141 399 1154 488; baseline 0 -21"><span class='ocrx_word' id='word_1_13' title='bbox 141 403 252 488; x_wconf 90' lang='lat' dir='ltr'><strong>posito</strong></span> <span class='ocrx_word' id='word_1_14' title='bbox 280 403 314 466; x_wconf 92' lang='lat' dir='ltr'><strong>in</strong></span> <span class='ocrx_word' id='word_1_15' title='bbox 342 402 464 468; x_wconf 89' lang='lat' dir='ltr'><strong>decimo</strong></span> <span class='ocrx_word' id='word_1_16' title='bbox 496 404 536 468; x_wconf 87' lang='lat' dir='ltr'><strong>ab</strong></span> <span class='ocrx_word' id='word_1_17' title='bbox 563 402 744 485; x_wconf 87' lang='lat' dir='ltr'><strong>horoscopo</strong></span> <span class='ocrx_word' id='word_1_18' title='bbox 772 403 858 484; x_wconf 94' lang='lat' dir='ltr'><strong>loco,</strong></span> <span class='ocrx_word' id='word_1_19' title='bbox 889 401 975 466; x_wconf 88' lang='lat' dir='ltr'><strong>idest</strong></span> <span class='ocrx_word' id='word_1_20' title='bbox 1006 401 1041 466; x_wconf 91' lang='lat' dir='ltr'><strong>in</strong></span> <span class='ocrx_word' id='word_1_21' title='bbox 1070 399 1154 486; x_wconf 63' lang='lat' dir='ltr'><strong>MC„</strong></span> 
     </span>
     <span class='ocr_line' id='line_1_4' title="bbox 142 489 1152 559; baseline 0.002 -3"><span class='ocrx_word' id='word_1_22' title='bbox 142 491 232 556; x_wconf 89' lang='lat' dir='ltr'><strong>nulla</strong></span> <span class='ocrx_word' id='word_1_23' title='bbox 264 491 359 556; x_wconf 90' lang='lat' dir='ltr'><strong>stella</strong></span> <span class='ocrx_word' id='word_1_24' title='bbox 390 490 489 556; x_wconf 89' lang='lat' dir='ltr'><strong>fuerit</strong></span> <span class='ocrx_word' id='word_1_25' title='bbox 521 493 660 556; x_wconf 83' lang='lat' dir='ltr'><strong>inventa</strong></span> <span class='ocrx_word' id='word_1_26' title='bbox 706 489 792 556; x_wconf 87' lang='lat' dir='ltr'><strong>Nam</strong></span> <span class='ocrx_word' id='word_1_27' title='bbox 825 490 858 555; x_wconf 88' lang='lat' dir='ltr'><strong>si</strong></span> <span class='ocrx_word' id='word_1_28' title='bbox 885 490 919 554; x_wconf 90' lang='lat' dir='ltr'><strong>in</strong></span> <span class='ocrx_word' id='word_1_29' title='bbox 952 494 1043 555; x_wconf 87' lang='lat' dir='ltr'><strong>sexto</strong></span> <span class='ocrx_word' id='word_1_30' title='bbox 1076 491 1152 559; x_wconf 89' lang='lat' dir='ltr'><strong>loco</strong></span> 
     </span>
     <span class='ocr_line' id='line_1_5' title="bbox 141 578 1153 665; baseline 0 -20"><span class='ocrx_word' id='word_1_31' title='bbox 141 578 261 664; x_wconf 75' lang='lat' dir='ltr'><strong>(Sole)</strong></span> <span class='ocrx_word' id='word_1_32' title='bbox 293 581 471 646; x_wconf 86' lang='lat' dir='ltr'><strong>constituto</strong></span> <span class='ocrx_word' id='word_1_33' title='bbox 505 602 724 665; x_wconf 88' lang='lat' dir='ltr'><strong>quaecumque</strong></span> <span class='ocrx_word' id='word_1_34' title='bbox 757 579 853 644; x_wconf 89' lang='lat' dir='ltr'><strong>stella</strong></span> <span class='ocrx_word' id='word_1_35' title='bbox 889 578 951 663; x_wconf 90' lang='lat' dir='ltr'><strong>[in]</strong></span> <span class='ocrx_word' id='word_1_36' title='bbox 987 579 1153 645; x_wconf 90' lang='lat' dir='ltr'><strong>decimum</strong></span> 
     </span>
     <span class='ocr_line' id='line_1_6' title="bbox 141 664 1188 753; baseline 0.005 -21"><span class='ocrx_word' id='word_1_37' title='bbox 141 669 248 734; x_wconf 92' lang='lat' dir='ltr'><strong>locum</strong></span> <span class='ocrx_word' id='word_1_38' title='bbox 275 669 359 733; x_wconf 89' lang='lat' dir='ltr'><strong>idest</strong></span> <span class='ocrx_word' id='word_1_39' title='bbox 382 668 452 734; x_wconf 76' lang='lat' dir='ltr'><strong>Mo,</strong></span> <span class='ocrx_word' id='word_1_40' title='bbox 479 669 673 753; x_wconf 82' lang='lat' dir='ltr'><strong>possederit,</strong></span> <span class='ocrx_word' id='word_1_41' title='bbox 699 668 797 733; x_wconf 84' lang='lat' dir='ltr'><strong>faciet</strong></span> <span class='ocrx_word' id='word_1_42' title='bbox 823 667 1002 752; x_wconf 69' lang='lat' dir='ltr'>locupletes</span> <span class='ocrx_word' id='word_1_43' title='bbox 1030 664 1151 734; x_wconf 85' lang='lat' dir='ltr'><strong>divites</strong></span> <span class='ocrx_word' id='word_1_44' title='bbox 1177 698 1188 737; x_wconf 81' lang='lat'>⁵</span> 
     </span>
     <span class='ocr_line' id='line_1_7' title="bbox 142 756 1152 842; baseline 0 -20"><span class='ocrx_word' id='word_1_45' title='bbox 142 757 312 823; x_wconf 80' lang='lat' dir='ltr'><strong>affluentes</strong></span> <span class='ocrx_word' id='word_1_46' title='bbox 336 761 368 822; x_wconf 91' lang='lat' dir='ltr'><strong>et</strong></span> <span class='ocrx_word' id='word_1_47' title='bbox 392 759 509 842; x_wconf 88' lang='lat' dir='ltr'><strong>quibus</strong></span> <span class='ocrx_word' id='word_1_48' title='bbox 533 762 669 842; x_wconf 87' lang='lat' dir='ltr'><strong>paterna</strong></span> <span class='ocrx_word' id='word_1_49' title='bbox 687 757 890 822; x_wconf 74' lang='lat' dir='ltr'><strong>successione</strong></span> <span class='ocrx_word' id='word_1_50' title='bbox 914 756 1057 822; x_wconf 86' lang='lat' dir='ltr'><strong>maxima</strong></span> <span class='ocrx_word' id='word_1_51' title='bbox 1080 757 1152 822; x_wconf 85' lang='lat' dir='ltr'><strong>feli-</strong></span> 
     </span>
    </p>

    <p class='ocr_par' dir='ltr' id='par_1_3' title="bbox 99 844 1186 1284">
     <span class='ocr_line' id='line_1_8' title="bbox 99 844 1150 931; baseline 0 -20"><span class='ocrx_word' id='word_1_52' title='bbox 99 906 102 911; x_wconf 80' lang='grc'><strong><em>,</em></strong></span> <span class='ocrx_word' id='word_1_53' title='bbox 142 847 223 911; x_wconf 86' lang='lat' dir='ltr'><strong>citas</strong></span> <span class='ocrx_word' id='word_1_54' title='bbox 247 851 462 930; x_wconf 88' lang='lat' dir='ltr'><strong>comparatur.</strong></span> <span class='ocrx_word' id='word_1_55' title='bbox 507 845 542 911; x_wconf 84' lang='lat' dir='ltr'><strong>Si</strong></span> <span class='ocrx_word' id='word_1_56' title='bbox 565 869 641 911; x_wconf 83' lang='lat' dir='ltr'><strong>vero</strong></span> <span class='ocrx_word' id='word_1_57' title='bbox 671 846 706 910; x_wconf 92' lang='lat' dir='ltr'><strong>in</strong></span> <span class='ocrx_word' id='word_1_58' title='bbox 729 849 820 910; x_wconf 87' lang='lat' dir='ltr'><strong>sexto</strong></span> <span class='ocrx_word' id='word_1_59' title='bbox 844 845 916 910; x_wconf 93' lang='lat' dir='ltr'><strong>loco</strong></span> <span class='ocrx_word' id='word_1_60' title='bbox 941 844 1014 910; x_wconf 84' lang='lat' dir='ltr'><strong>Sole</strong></span> <span class='ocrx_word' id='word_1_61' title='bbox 1037 846 1150 931; x_wconf 86' lang='lat' dir='ltr'><strong>posito</strong></span> 
     </span>
     <span class='ocr_line' id='line_1_9' title="bbox 141 932 1150 1018; baseline 0.001 -19"><span class='ocrx_word' id='word_1_62' title='bbox 141 936 231 999; x_wconf 85' lang='lat' dir='ltr'><strong>nulla</strong></span> <span class='ocrx_word' id='word_1_63' title='bbox 254 935 393 1018; x_wconf 78' lang='lat' dir='ltr'><strong>&lt;ste11a&gt;</strong></span> <span class='ocrx_word' id='word_1_64' title='bbox 416 934 450 999; x_wconf 92' lang='lat' dir='ltr'><strong>in</strong></span> <span class='ocrx_word' id='word_1_65' title='bbox 473 932 544 1000; x_wconf 82' lang='lat' dir='ltr'><strong>MC.</strong></span> <span class='ocrx_word' id='word_1_66' title='bbox 567 935 666 999; x_wconf 85' lang='lat' dir='ltr'><strong>fuerit</strong></span> <span class='ocrx_word' id='word_1_67' title='bbox 690 934 876 1018; x_wconf 86' lang='lat' dir='ltr'><strong>constituta,</strong></span> <span class='ocrx_word' id='word_1_68' title='bbox 900 934 1049 1018; x_wconf 88' lang='lat' dir='ltr'><strong>Iuppiter</strong></span> <span class='ocrx_word' id='word_1_69' title='bbox 1072 957 1150 1000; x_wconf 83' lang='lat' dir='ltr'><strong>vero</strong></span> 
     </span>
     <span class='ocr_line' id='line_1_10' title="bbox 141 1022 1150 1106; baseline 0.002 -19"><span class='ocrx_word' id='word_1_70' title='bbox 141 1028 175 1087; x_wconf 91' lang='lat' dir='ltr'><strong>et</strong></span> <span class='ocrx_word' id='word_1_71' title='bbox 201 1022 311 1088; x_wconf 88' lang='lat' dir='ltr'><strong>Venus</strong></span> <span class='ocrx_word' id='word_1_72' title='bbox 342 1045 415 1088; x_wconf 93' lang='lat' dir='ltr'><strong>cum</strong></span> <span class='ocrx_word' id='word_1_73' title='bbox 443 1024 555 1088; x_wconf 87' lang='lat' dir='ltr'><strong>eodem</strong></span> <span class='ocrx_word' id='word_1_74' title='bbox 583 1023 657 1088; x_wconf 85' lang='lat' dir='ltr'><strong>Sole</strong></span> <span class='ocrx_word' id='word_1_75' title='bbox 686 1025 722 1087; x_wconf 89' lang='lat' dir='ltr'><strong>in</strong></span> <span class='ocrx_word' id='word_1_76' title='bbox 752 1027 843 1087; x_wconf 85' lang='lat' dir='ltr'><strong>sexto</strong></span> <span class='ocrx_word' id='word_1_77' title='bbox 876 1023 992 1106; x_wconf 78' lang='lat' dir='ltr'><strong>(loco)</strong></span> <span class='ocrx_word' id='word_1_78' title='bbox 1025 1023 1150 1089; x_wconf 88' lang='lat' dir='ltr'><strong>fuerint</strong></span> 
     </span>
     <span class='ocr_line' id='line_1_11' title="bbox 140 1110 1186 1201; baseline 0.005 -26"><span class='ocrx_word' id='word_1_79' title='bbox 140 1112 273 1195; x_wconf 85' lang='lat' dir='ltr'><strong>inventi,</strong></span> <span class='ocrx_word' id='word_1_80' title='bbox 294 1110 448 1196; x_wconf 83' lang='lat' dir='ltr'><strong>quicquid</strong></span> <span class='ocrx_word' id='word_1_81' title='bbox 471 1113 632 1177; x_wconf 88' lang='lat' dir='ltr'><strong>malorum</strong></span> <span class='ocrx_word' id='word_1_82' title='bbox 656 1113 820 1201; x_wconf 79' lang='lat' dir='ltr'><strong>decretum</strong></span> <span class='ocrx_word' id='word_1_83' title='bbox 843 1110 951 1196; x_wconf 84' lang='lat' dir='ltr'><strong>fuerit,</strong></span> <span class='ocrx_word' id='word_1_84' title='bbox 974 1111 1186 1198; x_wconf 79' lang='lat' dir='ltr'><strong>mitigatura</strong></span> 
     </span>
     <span class='ocr_line' id='line_1_12' title="bbox 142 1199 918 1284; baseline -0.003 -19"><span class='ocrx_word' id='word_1_85' title='bbox 142 1204 174 1265; x_wconf 92' lang='lat' dir='ltr'><strong>et</strong></span> <span class='ocrx_word' id='word_1_86' title='bbox 197 1203 270 1264; x_wconf 88' lang='lat' dir='ltr'><strong>tota</strong></span> <span class='ocrx_word' id='word_1_87' title='bbox 291 1199 494 1265; x_wconf 69' lang='lat' dir='ltr'><strong>infelicitatis</strong></span> <span class='ocrx_word' id='word_1_88' title='bbox 518 1200 693 1284; x_wconf 72' lang='lat' dir='ltr'><strong>impeditur</strong></span> <span class='ocrx_word' id='word_1_89' title='bbox 716 1199 918 1284; x_wconf 85' lang='lat' dir='ltr'><strong>improbitas</strong></span> 
     </span>
    </p>

    <p class='ocr_par' dir='ltr' id='par_1_4' title="bbox 87 1286 1183 2528">
     <span class='ocr_line' id='line_1_13' title="bbox 87 1286 1147 1374; baseline 0.005 -25"><span class='ocrx_word' id='word_1_90' title='bbox 87 1286 130 1350; x_wconf 83' lang='lat'><strong>20</strong></span> <span class='ocrx_word' id='word_1_91' title='bbox 228 1288 267 1352; x_wconf 85' lang='lat' dir='ltr'><strong>In</strong></span> <span class='ocrx_word' id='word_1_92' title='bbox 299 1289 437 1373; x_wconf 90' lang='lat' dir='ltr'><strong>septimo</strong></span> <span class='ocrx_word' id='word_1_93' title='bbox 470 1290 542 1357; x_wconf 93' lang='lat' dir='ltr'><strong>loco</strong></span> <span class='ocrx_word' id='word_1_94' title='bbox 571 1289 628 1354; x_wconf 85' lang='lat' dir='ltr'><strong>Sol</strong></span> <span class='ocrx_word' id='word_1_95' title='bbox 660 1290 701 1354; x_wconf 87' lang='lat' dir='ltr'><strong>ab</strong></span> <span class='ocrx_word' id='word_1_96' title='bbox 733 1290 915 1374; x_wconf 90' lang='lat' dir='ltr'><strong>horoscopo</strong></span> <span class='ocrx_word' id='word_1_97' title='bbox 947 1289 1147 1354; x_wconf 87' lang='lat' dir='ltr'><strong>constitutus</strong></span> 
     </span>
     <span class='ocr_line' id='line_1_14' title="bbox 139 1376 1148 1462; baseline 0 -19"><span class='ocrx_word' id='word_1_98' title='bbox 139 1377 281 1443; x_wconf 82' lang='lat' dir='ltr'><strong>maxima</strong></span> <span class='ocrx_word' id='word_1_99' title='bbox 307 1376 388 1444; x_wconf 86' lang='lat' dir='ltr'><strong>vitia</strong></span> <span class='ocrx_word' id='word_1_100' title='bbox 420 1383 454 1442; x_wconf 88' lang='lat' dir='ltr'><strong>et</strong></span> <span class='ocrx_word' id='word_1_101' title='bbox 481 1379 673 1442; x_wconf 74' lang='lat' dir='ltr'><strong>valitudines</strong></span> <span class='ocrx_word' id='word_1_102' title='bbox 703 1378 858 1462; x_wconf 86' lang='lat' dir='ltr'><strong>decernit,</strong></span> <span class='ocrx_word' id='word_1_103' title='bbox 891 1378 1086 1461; x_wconf 87' lang='lat' dir='ltr'><strong>praesertim</strong></span> <span class='ocrx_word' id='word_1_104' title='bbox 1119 1380 1148 1443; x_wconf 89' lang='lat' dir='ltr'><strong>si</strong></span> 
     </span>
     <span class='ocr_line' id='line_1_15' title="bbox 139 1464 1146 1550; baseline 0.001 -19"><span class='ocrx_word' id='word_1_105' title='bbox 139 1466 186 1531; x_wconf 89' lang='lat' dir='ltr'><strong>sic</strong></span> <span class='ocrx_word' id='word_1_106' title='bbox 206 1464 314 1531; x_wconf 82' lang='lat' dir='ltr'><strong>Solem</strong></span> <span class='ocrx_word' id='word_1_107' title='bbox 332 1467 477 1550; x_wconf 88' lang='lat' dir='ltr'><strong>positum</strong></span> <span class='ocrx_word' id='word_1_108' title='bbox 495 1467 584 1531; x_wconf 88' lang='lat' dir='ltr'><strong>Mars</strong></span> <span class='ocrx_word' id='word_1_109' title='bbox 605 1471 637 1531; x_wconf 93' lang='lat' dir='ltr'><strong>et</strong></span> <span class='ocrx_word' id='word_1_110' title='bbox 658 1465 817 1531; x_wconf 83' lang='lat' dir='ltr'><strong>Saturnus</strong></span> <span class='ocrx_word' id='word_1_111' title='bbox 837 1466 946 1549; x_wconf 86' lang='lat' dir='ltr'><strong>aliqua</strong></span> <span class='ocrx_word' id='word_1_112' title='bbox 964 1467 1146 1532; x_wconf 88' lang='lat' dir='ltr'><strong>radiatione</strong></span> 
     </span>
     <span class='ocr_line' id='line_1_16' title="bbox 138 1555 1183 1640; baseline 0.004 -21"><span class='ocrx_word' id='word_1_113' title='bbox 138 1555 338 1640; x_wconf 80' lang='lat' dir='ltr'><strong>respexerint</strong></span> <span class='ocrx_word' id='word_1_114' title='bbox 361 1557 411 1620; x_wconf 86' lang='lat' dir='ltr'><strong>vel</strong></span> <span class='ocrx_word' id='word_1_115' title='bbox 436 1557 464 1620; x_wconf 93' lang='lat' dir='ltr'><strong>si</strong></span> <span class='ocrx_word' id='word_1_116' title='bbox 488 1578 561 1621; x_wconf 90' lang='lat' dir='ltr'><strong>cum</strong></span> <span class='ocrx_word' id='word_1_117' title='bbox 580 1578 617 1621; x_wconf 94' lang='lat' dir='ltr'><strong>eo</strong></span> <span class='ocrx_word' id='word_1_118' title='bbox 641 1555 762 1620; x_wconf 88' lang='lat' dir='ltr'><strong>fuerint</strong></span> <span class='ocrx_word' id='word_1_119' title='bbox 781 1555 945 1638; x_wconf 80' lang='lat' dir='ltr'><strong>collocati3</strong></span> <span class='ocrx_word' id='word_1_120' title='bbox 970 1557 1147 1621; x_wconf 88' lang='lat' dir='ltr'><strong>secundum</strong></span> <span class='ocrx_word' id='word_1_121' title='bbox 1160 1582 1183 1623; x_wconf 81' lang='lat' dir='ltr'><strong>a</strong></span> 
     </span>
     <span class='ocr_line' id='line_1_17' title="bbox 138 1643 1146 1728; baseline 0.001 -19"><span class='ocrx_word' id='word_1_122' title='bbox 138 1644 225 1709; x_wconf 90' lang='lat' dir='ltr'><strong>enim</strong></span> <span class='ocrx_word' id='word_1_123' title='bbox 248 1648 398 1708; x_wconf 88' lang='lat' dir='ltr'><strong>naturam</strong></span> <span class='ocrx_word' id='word_1_124' title='bbox 422 1644 592 1710; x_wconf 79' lang='lat' dir='ltr'><strong>malivolae</strong></span> <span class='ocrx_word' id='word_1_125' title='bbox 617 1645 738 1728; x_wconf 85' lang='lat' dir='ltr'><strong>stellae,</strong></span> <span class='ocrx_word' id='word_1_126' title='bbox 762 1665 844 1728; x_wconf 88' lang='lat' dir='ltr'><strong>quac</strong></span> <span class='ocrx_word' id='word_1_127' title='bbox 863 1665 936 1708; x_wconf 93' lang='lat' dir='ltr'><strong>cum</strong></span> <span class='ocrx_word' id='word_1_128' title='bbox 954 1643 1027 1727; x_wconf 92' lang='lat' dir='ltr'><strong>ipso</strong></span> <span class='ocrx_word' id='word_1_129' title='bbox 1045 1645 1146 1710; x_wconf 87' lang='lat' dir='ltr'><strong>fuerit</strong></span> 
     </span>
     <span class='ocr_line' id='line_1_18' title="bbox 139 1731 1146 1818; baseline 0.001 -20"><span class='ocrx_word' id='word_1_130' title='bbox 139 1731 311 1818; x_wconf 85' lang='lat' dir='ltr'><strong>collocata,</strong></span> <span class='ocrx_word' id='word_1_131' title='bbox 347 1733 462 1798; x_wconf 87' lang='lat' dir='ltr'><strong>indicit</strong></span> <span class='ocrx_word' id='word_1_132' title='bbox 493 1734 573 1799; x_wconf 84' lang='lat' dir='ltr'><strong>vitia</strong></span> <span class='ocrx_word' id='word_1_133' title='bbox 610 1731 828 1818; x_wconf 79' lang='lat' dir='ltr'><strong>aegritudines</strong></span> <span class='ocrx_word' id='word_1_134' title='bbox 850 1782 963 1796; x_wconf 88' lang='grc'><strong>.....</strong></span> <span class='ocrx_word' id='word_1_135' title='bbox 986 1733 1014 1797; x_wconf 92' lang='lat' dir='ltr'><strong>si</strong></span> <span class='ocrx_word' id='word_1_136' title='bbox 1047 1732 1146 1817; x_wconf 86' lang='lat' dir='ltr'><strong>Mars,</strong></span> 
     </span>
     <span class='ocr_line' id='line_1_19' title="bbox 138 1821 1147 1906; baseline 0.003 -20"><span class='ocrx_word' id='word_1_137' title='bbox 138 1821 258 1887; x_wconf 87' lang='lat' dir='ltr'><strong>calidas</strong></span> <span class='ocrx_word' id='word_1_138' title='bbox 295 1826 328 1886; x_wconf 91' lang='lat' dir='ltr'><strong>et</strong></span> <span class='ocrx_word' id='word_1_139' title='bbox 363 1822 493 1906; x_wconf 82' lang='lat' dir='ltr'><strong>ignitas.</strong></span> <span class='ocrx_word' id='word_1_140' title='bbox 551 1822 673 1899; x_wconf 82' lang='lat' dir='ltr'><strong>Quodsi</strong></span> <span class='ocrx_word' id='word_1_141' title='bbox 709 1821 801 1885; x_wconf 86' lang='lat' dir='ltr'><strong>Luna</strong></span> <span class='ocrx_word' id='word_1_142' title='bbox 837 1843 912 1886; x_wconf 89' lang='lat' dir='ltr'><strong>cum</strong></span> <span class='ocrx_word' id='word_1_143' title='bbox 948 1843 986 1887; x_wconf 93' lang='lat' dir='ltr'><strong>eo</strong></span> <span class='ocrx_word' id='word_1_144' title='bbox 1023 1822 1077 1886; x_wconf 81' lang='lat' dir='ltr'><strong>vel</strong></span> <span class='ocrx_word' id='word_1_145' title='bbox 1112 1823 1147 1889; x_wconf 92' lang='lat' dir='ltr'><strong>in</strong></span> 
     </span>
     <span class='ocr_line' id='line_1_20' title="bbox 139 1909 1145 1996; baseline 0 -21"><span class='ocrx_word' id='word_1_146' title='bbox 139 1910 278 1996; x_wconf 92' lang='lat' dir='ltr'><strong>septimo</strong></span> <span class='ocrx_word' id='word_1_147' title='bbox 301 1911 373 1975; x_wconf 90' lang='lat' dir='ltr'><strong>loco</strong></span> <span class='ocrx_word' id='word_1_148' title='bbox 396 1910 496 1976; x_wconf 85' lang='lat' dir='ltr'><strong>fuerit</strong></span> <span class='ocrx_word' id='word_1_149' title='bbox 518 1911 650 1976; x_wconf 85' lang='lat' dir='ltr'><strong>inventa</strong></span> <span class='ocrx_word' id='word_1_150' title='bbox 677 1910 727 1974; x_wconf 84' lang='lat' dir='ltr'><strong>vel</strong></span> <span class='ocrx_word' id='word_1_151' title='bbox 751 1911 786 1973; x_wconf 91' lang='lat' dir='ltr'><strong>in</strong></span> <span class='ocrx_word' id='word_1_152' title='bbox 808 1910 947 1995; x_wconf 87' lang='lat' dir='ltr'><strong>septimo</strong></span> <span class='ocrx_word' id='word_1_153' title='bbox 971 1911 1044 1976; x_wconf 89' lang='lat' dir='ltr'><strong>loco</strong></span> <span class='ocrx_word' id='word_1_154' title='bbox 1070 1909 1145 1977; x_wconf 82' lang='lat' dir='ltr'><strong>Sole</strong></span> 
     </span>
     <span class='ocr_line' id='line_1_21' title="bbox 137 1997 1181 2084; baseline 0.002 -20"><span class='ocrx_word' id='word_1_155' title='bbox 137 2000 317 2065; x_wconf 89' lang='lat' dir='ltr'><strong>constituto</strong></span> <span class='ocrx_word' id='word_1_156' title='bbox 345 1999 437 2063; x_wconf 89' lang='lat' dir='ltr'><strong>Luna</strong></span> <span class='ocrx_word' id='word_1_157' title='bbox 464 2000 498 2063; x_wconf 92' lang='lat' dir='ltr'><strong>in</strong></span> <span class='ocrx_word' id='word_1_158' title='bbox 524 1999 706 2084; x_wconf 87' lang='lat' dir='ltr'><strong>horoscopo</strong></span> <span class='ocrx_word' id='word_1_159' title='bbox 738 1999 789 2063; x_wconf 84' lang='lat' dir='ltr'><strong>vel</strong></span> <span class='ocrx_word' id='word_1_160' title='bbox 821 1998 855 2062; x_wconf 92' lang='lat' dir='ltr'><strong>in</strong></span> <span class='ocrx_word' id='word_1_161' title='bbox 882 1997 953 2064; x_wconf 74' lang='lat' dir='ltr'><strong>Md.</strong></span> <span class='ocrx_word' id='word_1_162' title='bbox 980 1999 1181 2083; x_wconf 79' lang='lat' dir='ltr'><strong>partilitorro</strong></span> 
     </span>
     <span class='ocr_line' id='line_1_22' title="bbox 137 2086 1145 2173; baseline 0.001 -21"><span class='ocrx_word' id='word_1_163' title='bbox 137 2087 236 2153; x_wconf 86' lang='lat' dir='ltr'><strong>fuerit</strong></span> <span class='ocrx_word' id='word_1_164' title='bbox 268 2089 441 2173; x_wconf 85' lang='lat' dir='ltr'><strong>collocata,</strong></span> <span class='ocrx_word' id='word_1_165' title='bbox 475 2109 609 2173; x_wconf 84' lang='lat' dir='ltr'><strong>magnos</strong></span> <span class='ocrx_word' id='word_1_166' title='bbox 642 2091 792 2172; x_wconf 85' lang='lat' dir='ltr'><strong>potentes</strong></span> <span class='ocrx_word' id='word_1_167' title='bbox 824 2087 952 2152; x_wconf 87' lang='lat' dir='ltr'><strong>nobiles</strong></span> <span class='ocrx_word' id='word_1_168' title='bbox 981 2086 1084 2153; x_wconf 89' lang='lat' dir='ltr'><strong>faciet</strong></span> <span class='ocrx_word' id='word_1_169' title='bbox 1113 2093 1145 2154; x_wconf 88' lang='lat' dir='ltr'><strong>et</strong></span> 
     </span>
     <span class='ocr_line' id='line_1_23' title="bbox 139 2177 1145 2260; baseline 0.002 -19"><span class='ocrx_word' id='word_1_170' title='bbox 139 2179 255 2260; x_wconf 89' lang='lat' dir='ltr'><strong>quibus</strong></span> <span class='ocrx_word' id='word_1_171' title='bbox 279 2178 526 2242; x_wconf 82' lang='lat' dir='ltr'><strong>committantur</strong></span> <span class='ocrx_word' id='word_1_172' title='bbox 549 2177 709 2241; x_wconf 83' lang='lat' dir='ltr'><strong>maximae</strong></span> <span class='ocrx_word' id='word_1_173' title='bbox 733 2180 926 2260; x_wconf 83' lang='lat' dir='ltr'><strong>potestates,</strong></span> <span class='ocrx_word' id='word_1_174' title='bbox 948 2178 1145 2259; x_wconf 87' lang='lat' dir='ltr'><strong>pracsertim</strong></span> 
     </span>
     <span class='ocr_line' id='line_1_24' title="bbox 138 2263 1145 2339; baseline 0.003 -11"><span class='ocrx_word' id='word_1_175' title='bbox 138 2266 167 2328; x_wconf 91' lang='lat' dir='ltr'><strong>si</strong></span> <span class='ocrx_word' id='word_1_176' title='bbox 194 2265 293 2330; x_wconf 88' lang='lat' dir='ltr'><strong>fuerit</strong></span> <span class='ocrx_word' id='word_1_177' title='bbox 321 2267 355 2329; x_wconf 92' lang='lat' dir='ltr'><strong>in</strong></span> <span class='ocrx_word' id='word_1_178' title='bbox 382 2266 478 2330; x_wconf 91' lang='lat' dir='ltr'><strong>domo</strong></span> <span class='ocrx_word' id='word_1_179' title='bbox 509 2286 567 2330; x_wconf 87' lang='lat' dir='ltr'><strong>sua</strong></span> <span class='ocrx_word' id='word_1_180' title='bbox 595 2269 652 2329; x_wconf 89' lang='lat' dir='ltr'><strong>aut</strong></span> <span class='ocrx_word' id='word_1_181' title='bbox 678 2267 713 2329; x_wconf 92' lang='lat' dir='ltr'><strong>in</strong></span> <span class='ocrx_word' id='word_1_182' title='bbox 740 2263 911 2329; x_wconf 88' lang='lat' dir='ltr'><strong>altitudine</strong></span> <span class='ocrx_word' id='word_1_183' title='bbox 939 2286 1007 2339; x_wconf 59' lang='lat' dir='ltr'><strong>sua,</strong></span> <span class='ocrx_word' id='word_1_184' title='bbox 1026 2273 1085 2331; x_wconf 87' lang='lat' dir='ltr'><strong>aut</strong></span> <span class='ocrx_word' id='word_1_185' title='bbox 1112 2268 1145 2331; x_wconf 88' lang='lat' dir='ltr'><strong>in</strong></span> 
     </span>
     <span class='ocr_line' id='line_1_25' title="bbox 137 2352 1145 2438; baseline 0.004 -22"><span class='ocrx_word' id='word_1_186' title='bbox 137 2352 233 2417; x_wconf 92' lang='lat' dir='ltr'><strong>domo</strong></span> <span class='ocrx_word' id='word_1_187' title='bbox 252 2353 340 2418; x_wconf 85' lang='lat' dir='ltr'><strong>Iovis</strong></span> <span class='ocrx_word' id='word_1_188' title='bbox 360 2354 556 2418; x_wconf 86' lang='lat' dir='ltr'><strong>constitutus</strong></span> <span class='ocrx_word' id='word_1_189' title='bbox 580 2358 613 2417; x_wconf 93' lang='lat' dir='ltr'><strong>et</strong></span> <span class='ocrx_word' id='word_1_190' title='bbox 637 2354 665 2418; x_wconf 88' lang='lat' dir='ltr'><strong>si</strong></span> <span class='ocrx_word' id='word_1_191' title='bbox 683 2355 774 2418; x_wconf 92' lang='lat' dir='ltr'><strong>locus</strong></span> <span class='ocrx_word' id='word_1_192' title='bbox 794 2352 957 2419; x_wconf 85' lang='lat' dir='ltr'><strong>Fortunae</strong></span> <span class='ocrx_word' id='word_1_193' title='bbox 979 2354 1145 2438; x_wconf 81' lang='lat' dir='ltr'><strong>partiliter</strong></span> 
     </span>
     <span class='ocr_line' id='line_1_26' title="bbox 138 2441 1181 2528; baseline 0.007 -23"><span class='ocrx_word' id='word_1_194' title='bbox 138 2445 172 2505; x_wconf 92' lang='lat' dir='ltr'><strong>et</strong></span> <span class='ocrx_word' id='word_1_195' title='bbox 198 2463 257 2524; x_wconf 92' lang='lat' dir='ltr'><strong>per</strong></span> <span class='ocrx_word' id='word_1_196' title='bbox 284 2445 471 2526; x_wconf 89' lang='lat' dir='ltr'><strong>computum</strong></span> <span class='ocrx_word' id='word_1_197' title='bbox 499 2441 672 2528; x_wconf 80' lang='lat' dir='ltr'><strong>diligenter</strong></span> <span class='ocrx_word' id='word_1_198' title='bbox 698 2442 848 2507; x_wconf 86' lang='lat' dir='ltr'><strong>inventus</strong></span> <span class='ocrx_word' id='word_1_199' title='bbox 876 2443 911 2506; x_wconf 91' lang='lat' dir='ltr'><strong>in</strong></span> <span class='ocrx_word' id='word_1_200' title='bbox 938 2442 1049 2526; x_wconf 89' lang='lat' dir='ltr'><strong>aliquo</strong></span> <span class='ocrx_word' id='word_1_201' title='bbox 1078 2466 1181 2511; x_wconf 73' lang='lat' dir='ltr'><strong>car-a</strong></span> 
     </span>
    </p>

    <p class='ocr_par' dir='ltr' id='par_1_5' title="bbox 85 2524 1146 2885">
     <span class='ocr_line' id='line_1_27' title="bbox 85 2524 1146 2599; baseline 0.01 -11"><span class='ocrx_word' id='word_1_202' title='bbox 85 2524 125 2588; x_wconf 79' lang='lat'><strong>21</strong></span> <span class='ocrx_word' id='word_1_203' title='bbox 139 2530 212 2594; x_wconf 87' lang='lat' dir='ltr'><strong>dine</strong></span> <span class='ocrx_word' id='word_1_204' title='bbox 235 2529 334 2593; x_wconf 90' lang='lat' dir='ltr'><strong>fuerit</strong></span> <span class='ocrx_word' id='word_1_205' title='bbox 357 2529 542 2594; x_wconf 89' lang='lat' dir='ltr'><strong>collocatus.</strong></span> <span class='ocrx_word' id='word_1_206' title='bbox 580 2529 615 2595; x_wconf 85' lang='lat' dir='ltr'><strong>Si</strong></span> <span class='ocrx_word' id='word_1_207' title='bbox 638 2551 714 2595; x_wconf 88' lang='lat' dir='ltr'><strong>vero</strong></span> <span class='ocrx_word' id='word_1_208' title='bbox 739 2531 785 2595; x_wconf 91' lang='lat' dir='ltr'><strong>sic</strong></span> <span class='ocrx_word' id='word_1_209' title='bbox 806 2529 880 2596; x_wconf 85' lang='lat' dir='ltr'><strong>Sole</strong></span> <span class='ocrx_word' id='word_1_210' title='bbox 904 2535 937 2595; x_wconf 86' lang='lat' dir='ltr'><strong>et</strong></span> <span class='ocrx_word' id='word_1_211' title='bbox 955 2529 1049 2596; x_wconf 81' lang='lat' dir='ltr'><strong>Luna</strong></span> <span class='ocrx_word' id='word_1_212' title='bbox 1072 2555 1146 2599; x_wconf 89' lang='lat' dir='ltr'><strong>con·</strong></span> 
     </span>
     <span class='ocr_line' id='line_1_28' title="bbox 138 2617 1146 2705; baseline 0.004 -22"><span class='ocrx_word' id='word_1_213' title='bbox 138 2618 277 2701; x_wconf 79' lang='lat' dir='ltr'><strong>stitutio,</strong></span> <span class='ocrx_word' id='word_1_214' title='bbox 310 2618 356 2682; x_wconf 91' lang='lat' dir='ltr'><strong>sic</strong></span> <span class='ocrx_word' id='word_1_215' title='bbox 387 2619 487 2682; x_wconf 90' lang='lat' dir='ltr'><strong>etiam</strong></span> <span class='ocrx_word' id='word_1_216' title='bbox 513 2617 675 2684; x_wconf 79' lang='lat' dir='ltr'><strong>Fortunas</strong></span> <span class='ocrx_word' id='word_1_217' title='bbox 702 2619 775 2684; x_wconf 93' lang='lat' dir='ltr'><strong>loco</strong></span> <span class='ocrx_word' id='word_1_218' title='bbox 809 2620 968 2685; x_wconf 86' lang='lat' dir='ltr'><strong>collocato</strong></span> <span class='ocrx_word' id='word_1_219' title='bbox 995 2619 1146 2705; x_wconf 84' lang='lat' dir='ltr'><strong>Iuppiter</strong></span> 
     </span>
     <span class='ocr_line' id='line_1_29' title="bbox 135 2707 1146 2797; baseline 0.005 -25"><span class='ocrx_word' id='word_1_220' title='bbox 135 2707 278 2792; x_wconf 90' lang='lat' dir='ltr'><strong>aliquem</strong></span> <span class='ocrx_word' id='word_1_221' title='bbox 293 2707 461 2792; x_wconf 83' lang='lat' dir='ltr'><strong>geniturae</strong></span> <span class='ocrx_word' id='word_1_222' title='bbox 477 2708 639 2772; x_wconf 87' lang='lat' dir='ltr'><strong>cardinem</strong></span> <span class='ocrx_word' id='word_1_223' title='bbox 654 2708 804 2792; x_wconf 87' lang='lat' dir='ltr'><strong>tenuerit,</strong></span> <span class='ocrx_word' id='word_1_224' title='bbox 821 2709 1036 2792; x_wconf 85' lang='lat' dir='ltr'><strong>imperatores</strong></span> <span class='ocrx_word' id='word_1_225' title='bbox 1051 2732 1146 2797; x_wconf 80' lang='lat' dir='ltr'><strong>rcgss</strong></span> 
     </span>
     <span class='ocr_line' id='line_1_30' title="bbox 137 2794 1146 2885; baseline 0.005 -25"><span class='ocrx_word' id='word_1_226' title='bbox 137 2796 250 2883; x_wconf 82' lang='lat' dir='ltr'><strong>faciet,</strong></span> <span class='ocrx_word' id='word_1_227' title='bbox 277 2796 333 2860; x_wconf 89' lang='lat' dir='ltr'><strong>sed</strong></span> <span class='ocrx_word' id='word_1_228' title='bbox 355 2794 459 2860; x_wconf 92' lang='lat' dir='ltr'><strong>bonos</strong></span> <span class='ocrx_word' id='word_1_229' title='bbox 483 2796 657 2862; x_wconf 85' lang='lat' dir='ltr'><strong>benivolos.</strong></span> <span class='ocrx_word' id='word_1_230' title='bbox 703 2796 816 2862; x_wconf 85' lang='lat' dir='ltr'><strong>Faciet</strong></span> <span class='ocrx_word' id='word_1_231' title='bbox 844 2798 942 2861; x_wconf 88' lang='lat' dir='ltr'><strong>etiam</strong></span> <span class='ocrx_word' id='word_1_232' title='bbox 967 2798 1066 2864; x_wconf 88' lang='lat' dir='ltr'><strong>duces</strong></span> <span class='ocrx_word' id='word_1_233' title='bbox 1089 2821 1146 2885; x_wconf 90' lang='lat' dir='ltr'><strong>po·</strong></span> 
     </span>
    </p>
   </div>
   <div class='ocr_carea' id='block_1_3' title="bbox 137 2951 1147 3523">
    <p class='ocr_par' dir='ltr' id='par_1_6' title="bbox 137 2951 1147 3523">
     <span class='ocr_line' id='line_1_31' title="bbox 227 2951 1146 3078; baseline 0.007 -74"><span class='ocrx_word' id='word_1_234' title='bbox 227 2951 404 3007; x_wconf 82' lang='lat' dir='ltr'><strong>lsiudd.v</strong></span> <span class='ocrx_word' id='word_1_235' title='bbox 457 2952 788 3022; x_wconf 66' lang='lat' dir='ltr'><strong>4udd.ulindel.d&#39;</strong></span> <span class='ocrx_word' id='word_1_236' title='bbox 844 2953 1146 3078; x_wconf 43' lang='lat' dir='ltr'><strong>tMllpinchV</strong></span> 
     </span>
     <span class='ocr_line' id='line_1_32' title="bbox 137 3022 1146 3093; baseline 0.004 -14"><span class='ocrx_word' id='word_1_237' title='bbox 137 3026 167 3079; x_wconf 93' lang='lat' dir='ltr'><strong>in</strong></span> <span class='ocrx_word' id='word_1_238' title='bbox 188 3022 281 3078; x_wconf 88' lang='lat' dir='ltr'><strong>medio</strong></span> <span class='ocrx_word' id='word_1_239' title='bbox 304 3029 352 3076; x_wconf 80' lang='lat' dir='ltr'><strong>Pa</strong></span> <span class='ocrx_word' id='word_1_240' title='bbox 437 3029 453 3077; x_wconf 90' lang='grc'><strong>6</strong></span> <span class='ocrx_word' id='word_1_241' title='bbox 479 3023 612 3078; x_wconf 88' lang='lat' dir='ltr'><strong>afluentes</strong></span> <span class='ocrx_word' id='word_1_242' title='bbox 636 3029 690 3078; x_wconf 70' lang='lat' dir='ltr'><strong>ER</strong></span> <span class='ocrx_word' id='word_1_243' title='bbox 776 3029 790 3078; x_wconf 80' lang='grc'><strong>7</strong></span> <span class='ocrx_word' id='word_1_244' title='bbox 812 3040 941 3093; x_wconf 86' lang='lat' dir='ltr'><strong>compara</strong></span> <span class='ocrx_word' id='word_1_245' title='bbox 955 3041 989 3077; x_wconf 90' lang='lat' dir='ltr'><strong>ur</strong></span> <span class='ocrx_word' id='word_1_246' title='bbox 1009 3031 1033 3078; x_wconf 81' lang='lat' dir='ltr'>v</span> <span class='ocrx_word' id='word_1_247' title='bbox 1055 3027 1146 3083; x_wconf 78' lang='lat' dir='ltr'><strong>recte?</strong></span> 
     </span>
     <span class='ocr_line' id='line_1_33' title="bbox 137 3093 1146 3165; baseline 0.001 -13"><span class='ocrx_word' id='word_1_248' title='bbox 137 3096 256 3165; x_wconf 77' lang='lat' dir='ltr'><strong>Ssuppl.</strong></span> <span class='ocrx_word' id='word_1_249' title='bbox 276 3093 547 3165; x_wconf 72' lang='lat' dir='ltr'><strong>alMC.]merc.1</strong></span> <span class='ocrx_word' id='word_1_250' title='bbox 618 3096 740 3164; x_wconf 69' lang='lat' dir='ltr'><strong>tsappl.</strong></span> <span class='ocrx_word' id='word_1_251' title='bbox 760 3113 789 3164; x_wconf 78' lang='grc' dir='ltr'><strong>ι,</strong></span> <span class='ocrx_word' id='word_1_252' title='bbox 812 3103 930 3163; x_wconf 75' lang='lat' dir='ltr'><strong>expectes</strong></span> <span class='ocrx_word' id='word_1_253' title='bbox 948 3111 1012 3149; x_wconf 89' lang='lat' dir='ltr'><strong>oum</strong></span> <span class='ocrx_word' id='word_1_254' title='bbox 1030 3096 1097 3152; x_wconf 82' lang='lat' dir='ltr'><strong>Sole</strong></span> <span class='ocrx_word' id='word_1_255' title='bbox 1114 3098 1146 3153; x_wconf 87' lang='lat' dir='ltr'><strong>in</strong></span> 
     </span>
     <span class='ocr_line' id='line_1_34' title="bbox 138 3164 1147 3236; baseline 0.001 -14"><span class='ocrx_word' id='word_1_256' title='bbox 138 3167 236 3222; x_wconf 89' lang='lat' dir='ltr'><strong>eodem</strong></span> <span class='ocrx_word' id='word_1_257' title='bbox 253 3165 314 3219; x_wconf 94' lang='lat' dir='ltr'><strong>loco</strong></span> <span class='ocrx_word' id='word_1_258' title='bbox 332 3164 407 3218; x_wconf 90' lang='lat' dir='ltr'><strong>idest</strong></span> <span class='ocrx_word' id='word_1_259' title='bbox 424 3164 454 3219; x_wconf 93' lang='lat' dir='ltr'><strong>in</strong></span> <span class='ocrx_word' id='word_1_260' title='bbox 472 3168 549 3219; x_wconf 79' lang='lat' dir='ltr'><strong>sexto</strong></span> <span class='ocrx_word' id='word_1_261' title='bbox 609 3172 642 3219; x_wconf 91' lang='lat'><strong>10</strong></span> <span class='ocrx_word' id='word_1_262' title='bbox 660 3166 783 3236; x_wconf 79' lang='lat' dir='ltr'><strong>migatur</strong></span> <span class='ocrx_word' id='word_1_263' title='bbox 801 3171 828 3218; x_wconf 76' lang='lat' dir='ltr'><strong>u</strong></span> <span class='ocrx_word' id='word_1_264' title='bbox 891 3172 923 3220; x_wconf 90' lang='lat'><strong>11</strong></span> <span class='ocrx_word' id='word_1_265' title='bbox 943 3166 1100 3223; x_wconf 82' lang='lat' dir='ltr'><strong>infecitatis</strong></span> <span class='ocrx_word' id='word_1_266' title='bbox 1119 3174 1147 3223; x_wconf 79' lang='lat'>1</span> 
     </span>
     <span class='ocr_line' id='line_1_35' title="bbox 139 3235 1065 3311; baseline 0.002 -20"><span class='ocrx_word' id='word_1_267' title='bbox 139 3246 172 3293; x_wconf 82' lang='grc'>14</span> <span class='ocrx_word' id='word_1_268' title='bbox 191 3238 231 3292; x_wconf 90' lang='lat' dir='ltr'><strong>sio</strong></span> <span class='ocrx_word' id='word_1_269' title='bbox 252 3254 301 3291; x_wconf 87' lang='lat' dir='ltr'><strong>om.</strong></span> <span class='ocrx_word' id='word_1_270' title='bbox 321 3242 344 3288; x_wconf 80' lang='lat' dir='ltr'>v</span> <span class='ocrx_word' id='word_1_271' title='bbox 416 3242 449 3290; x_wconf 89' lang='grc'><strong>16</strong></span> <span class='ocrx_word' id='word_1_272' title='bbox 473 3235 577 3290; x_wconf 84' lang='lat' dir='ltr'><strong>fuerint</strong></span> <span class='ocrx_word' id='word_1_273' title='bbox 599 3236 747 3311; x_wconf 59' lang='lat' dir='ltr'><strong>collocate,</strong></span> <span class='ocrx_word' id='word_1_274' title='bbox 771 3254 838 3292; x_wconf 86' lang='lat' dir='ltr'><strong>corr.</strong></span> <span class='ocrx_word' id='word_1_275' title='bbox 858 3237 888 3290; x_wconf 86' lang='grc' dir='ltr'><strong>Δ’</strong></span> <span class='ocrx_word' id='word_1_276' title='bbox 962 3239 1065 3293; x_wconf 81' lang='grc'>17100.</span> 
     </span>
     <span class='ocr_line' id='line_1_36' title="bbox 137 3307 1147 3379; baseline 0.004 -17"><span class='ocrx_word' id='word_1_277' title='bbox 137 3311 213 3363; x_wconf 81' lang='lat' dir='ltr'><strong>Mars</strong></span> <span class='ocrx_word' id='word_1_278' title='bbox 230 3309 327 3364; x_wconf 80' lang='lat' dir='ltr'><strong>statuit</strong></span> <span class='ocrx_word' id='word_1_279' title='bbox 345 3307 409 3362; x_wconf 76' lang='lat' dir='ltr'><strong>Sitti</strong></span> <span class='ocrx_word' id='word_1_280' title='bbox 472 3313 505 3361; x_wconf 88' lang='lat' dir='ltr'><strong>1s</strong></span> <span class='ocrx_word' id='word_1_281' title='bbox 523 3307 567 3360; x_wconf 91' lang='lat' dir='ltr'><strong>vel</strong></span> <span class='ocrx_word' id='word_1_282' title='bbox 584 3309 613 3379; x_wconf 86' lang='lat' dir='ltr'><strong>v]</strong></span> <span class='ocrx_word' id='word_1_283' title='bbox 633 3312 661 3362; x_wconf 82' lang='lat' dir='ltr'><strong>et</strong></span> <span class='ocrx_word' id='word_1_284' title='bbox 734 3314 766 3361; x_wconf 83' lang='grc'>19</span> <span class='ocrx_word' id='word_1_285' title='bbox 785 3307 889 3376; x_wconf 85' lang='lat' dir='ltr'><strong>fuerint</strong></span> <span class='ocrx_word' id='word_1_286' title='bbox 906 3314 933 3361; x_wconf 73' lang='grc' dir='ltr'><strong>Π</strong></span> <span class='ocrx_word' id='word_1_287' title='bbox 1005 3315 1037 3363; x_wconf 78' lang='lat'><strong>21</strong></span> <span class='ocrx_word' id='word_1_288' title='bbox 1058 3311 1147 3367; x_wconf 87' lang='lat' dir='ltr'><strong>colo-</strong></span> 
     </span>
     <span class='ocr_line' id='line_1_37' title="bbox 138 3377 1147 3461; baseline 0.003 -27"><span class='ocrx_word' id='word_1_289' title='bbox 138 3383 226 3461; x_wconf 72' lang='lat' dir='ltr'><strong>catus²</strong></span> <span class='ocrx_word' id='word_1_290' title='bbox 240 3397 307 3434; x_wconf 85' lang='lat' dir='ltr'><strong>corr.</strong></span> <span class='ocrx_word' id='word_1_291' title='bbox 322 3377 352 3430; x_wconf 79' lang='lat' dir='ltr'><strong>A&#39;</strong></span> <span class='ocrx_word' id='word_1_292' title='bbox 370 3381 374 3450; x_wconf 83' lang='grc' dir='ltr'>Ι</span> <span class='ocrx_word' id='word_1_293' title='bbox 390 3378 498 3432; x_wconf 88' lang='lat' dir='ltr'><strong>nobiles</strong></span> <span class='ocrx_word' id='word_1_294' title='bbox 511 3381 640 3459; x_wconf 87' lang='lat' dir='ltr'><strong>potentes</strong></span> <span class='ocrx_word' id='word_1_295' title='bbox 654 3385 677 3432; x_wconf 86' lang='lat' dir='ltr'>v</span> <span class='ocrx_word' id='word_1_296' title='bbox 730 3385 765 3432; x_wconf 77' lang='lat'><strong>24</strong></span> <span class='ocrx_word' id='word_1_297' title='bbox 777 3379 862 3461; x_wconf 89' lang='lat' dir='ltr'><strong>Iovis]</strong></span> <span class='ocrx_word' id='word_1_298' title='bbox 876 3396 927 3434; x_wconf 87' lang='lat' dir='ltr'><strong>sua</strong></span> <span class='ocrx_word' id='word_1_299' title='bbox 939 3385 975 3433; x_wconf 72' lang='lat'><strong>1²⁸</strong></span> <span class='ocrx_word' id='word_1_300' title='bbox 1026 3386 1061 3435; x_wconf 76' lang='lat'><strong>28</strong></span> <span class='ocrx_word' id='word_1_301' title='bbox 1075 3381 1147 3438; x_wconf 74' lang='lat' dir='ltr'><strong>luna</strong></span> 
     </span>
     <span class='ocr_line' id='line_1_38' title="bbox 137 3449 1147 3523; baseline 0.002 -19"><span class='ocrx_word' id='word_1_302' title='bbox 137 3453 306 3504; x_wconf 78' lang='lat' dir='ltr'><strong>constitutus</strong></span> <span class='ocrx_word' id='word_1_303' title='bbox 324 3454 352 3501; x_wconf 75' lang='lat'>1</span> <span class='ocrx_word' id='word_1_304' title='bbox 423 3456 455 3503; x_wconf 79' lang='lat'><strong>28</strong></span> <span class='ocrx_word' id='word_1_305' title='bbox 480 3449 575 3518; x_wconf 89' lang='lat' dir='ltr'><strong>ahqua</strong></span> <span class='ocrx_word' id='word_1_306' title='bbox 597 3451 705 3520; x_wconf 86' lang='lat' dir='ltr'><strong>(·quam</strong></span> <span class='ocrx_word' id='word_1_307' title='bbox 726 3449 768 3520; x_wconf 77' lang='lat' dir='ltr'><strong>A‘)</strong></span> <span class='ocrx_word' id='word_1_308' title='bbox 792 3454 923 3522; x_wconf 78' lang='lat' dir='ltr'><strong>genitura</strong></span> <span class='ocrx_word' id='word_1_309' title='bbox 945 3455 1028 3519; x_wconf 65' lang='lat' dir='ltr'><strong>(ram</strong></span> <span class='ocrx_word' id='word_1_310' title='bbox 1046 3451 1089 3523; x_wconf 75' lang='lat' dir='ltr'><strong>A&#39;)</strong></span> <span class='ocrx_word' id='word_1_311' title='bbox 1115 3458 1147 3511; x_wconf 82' lang='lat' dir='ltr'><strong>et</strong></span> 
     </span>
    </p>
   </div>
   <div class='ocr_carea' id='block_1_4' title="bbox 138 3520 790 3592">
    <p class='ocr_par' dir='ltr' id='par_1_7' title="bbox 138 3520 790 3592">
     <span class='ocr_line' id='line_1_39' title="bbox 138 3520 790 3592; baseline -0.002 -18"><span class='ocrx_word' id='word_1_312' title='bbox 138 3521 287 3589; x_wconf 85' lang='lat' dir='ltr'><strong>cardinem,</strong></span> <span class='ocrx_word' id='word_1_313' title='bbox 306 3537 372 3576; x_wconf 83' lang='lat' dir='ltr'><strong>corr.</strong></span> <span class='ocrx_word' id='word_1_314' title='bbox 392 3539 409 3573; x_wconf 78' lang='grc' dir='ltr'>ι</span> <span class='ocrx_word' id='word_1_315' title='bbox 481 3526 514 3573; x_wconf 75' lang='lat'><strong>‘29</strong></span> <span class='ocrx_word' id='word_1_316' title='bbox 533 3520 631 3592; x_wconf 85' lang='lat' dir='ltr'><strong>etiam]</strong></span> <span class='ocrx_word' id='word_1_317' title='bbox 651 3523 745 3575; x_wconf 87' lang='lat' dir='ltr'><strong>autem</strong></span> <span class='ocrx_word' id='word_1_318' title='bbox 762 3526 790 3573; x_wconf 76' lang='lat'>1</span> 
     </span>
    </p>
   </div>
   <div class='ocr_carea' id='block_1_5' title="bbox 0 0 1212 3840">
    <p class='ocr_par' dir='ltr' id='par_1_8' title="bbox 0 0 1212 3840">
     <span class='ocr_line' id='line_1_40' title="bbox 0 0 1212 3840; baseline 0 0"><span class='ocrx_word' id='word_1_319' title='bbox 0 0 1212 3840; x_wconf 95' lang='lat' dir='ltr'><strong> </strong></span> 
     </span>
    </p>
   </div>
  </div>
 </body>
</html>
