2416 3840
100 176 142 240 98
531 172 668 228 FIRMICI

70 320 212 388 3Lunae
240 319 328 384 Mars
356 318 463 384 radios
491 320 667 404 exceperit,
698 319 908 384 biothanatos
935 319 1025 386 facit.
1073 319 1109 386 Si

100 432 177 475 vero
205 412 415 492 pernoctem
440 407 597 473 Saturnus
624 409 659 472 in
686 411 778 492 parte
805 408 980 493 horoscopi
1008 409 1109 474 fuerit

102 499 311 580 constitutae,
335 498 373 581 is,
396 496 451 582 qui
475 497 521 562 sic
545 520 618 561 eum
641 497 801 579 habuerit,
824 497 975 561 maximis
994 497 1114 584 langoss

100 588 192 651 ribus
214 587 389 670 impeditur
417 590 450 649 et
473 607 592 670 magno
621 608 747 669 semper
772 586 883 649 labore
906 585 1109 669 deprimitur.

102 676 301 752 Quibusdam
326 696 400 740 vero
425 675 510 739 circa
534 696 651 758 aquam
674 673 765 738 dabit
788 677 894 758 actus,
918 675 965 739 sic
987 679 1109 760 tamen,
1134 701 1147 742 r

101 770 139 830 ut
161 787 287 848 semper
309 762 480 829 laboriosis
504 762 802 828 conversationibus
827 767 1019 828 atterantur.

70 855 93 918 4
191 854 231 918 ln
249 853 389 917 secundo
407 853 479 916 loco
500 850 659 917 Saturnus
679 853 719 916 ab
737 851 920 935 horoscopo
944 875 1018 917 cum
1036 875 1111 938 pos-

102 942 223 1006 sederit
245 941 362 1025 locum‚
384 941 463 1004 facit
487 941 706 1026 aegritudines
730 962 844 1024 graves
869 944 901 1004 et
924 940 1110 1008 eversiones

103 1032 269 1095 maximas.
315 1028 435 1094 Uxoris
464 1029 561 1092 etiarn
591 1034 623 1094 et
649 1029 792 1093 filiorum
818 1029 1034 1112 interemptor
1059 1035 1112 1096 est

102 1123 135 1183 et
163 1120 376 1182 maximarum
407 1118 576 1181 turbarum
607 1122 640 1182 et
669 1117 887 1200 frequentium
917 1120 1111 1204 concitator,
1124 1146 1147 1186 a

102 1209 157 1271 sed
187 1211 220 1271 et
245 1211 415 1290 paternam
444 1227 480 1270 ac
509 1211 689 1270 maternam
717 1207 935 1270 substantiam
963 1207 1111 1293 dissipat

102 1296 214 1380 Ipsum
236 1317 327 1375 vero,
355 1295 410 1380 qui
433 1298 529 1359 natus
552 1294 663 1380 fuerit,
690 1296 868 1359 tardiorem
894 1297 928 1358 in
957 1299 1111 1362 omnibus

102 1385 228 1450 actibus
261 1384 355 1469 facit,
387 1383 580 1467 quibusdam
610 1390 784 1469 perpetuas
816 1383 930 1448 indicit
963 1386 1111 1470 corporis

72 1473 305 1540 dvalitudines.
351 1470 386 1537 Si
409 1495 485 1537 vero
515 1473 561 1537 sic
589 1473 766 1537 constituto
795 1471 933 1537 Saturno
958 1472 1048 1539 Mars
1076 1474 1111 1538 in

104 1563 250 1646 quolibet
268 1561 436 1646 geniturae
456 1562 585 1626 cardine
603 1562 703 1625 fuerit
722 1565 755 1624 et
771 1559 879 1626 Solem
897 1583 955 1644 per
975 1563 1147 1646 quadra-1⁵

103 1656 174 1715 tum
196 1651 247 1715 vel
266 1673 325 1735 per
344 1650 537 1714 diametrum
554 1649 672 1714 viderit
692 1655 748 1713 aut
766 1649 893 1713 Lunam
912 1656 1112 1716 crescentem

103 1739 203 1805 simili
225 1740 351 1804 ratione
374 1739 566 1823 respexerit,
594 1738 692 1803 faciet
715 1737 851 1803 miseros
874 1760 1035 1822 pauperes
1059 1742 1112 1805 de·

103 1830 239 1893 stitutos
264 1831 297 1891 et
320 1827 375 1911 qui
399 1850 516 1910 corpus
536 1849 631 1891 suum
650 1828 822 1891 cotidianis
842 1827 993 1910 operibus
1014 1851 1112 1914 oppo-

74 1919 195 1984 6nant.
241 1916 375 1980 sivero
403 1939 461 1999 per
484 1916 568 1979 diem
595 1915 629 1980 in
657 1916 795 1980 secundo
825 1917 918 2000 signo
947 1918 986 1980 ab
1014 1917 1112 1983 horo-

104 2029 202 2090 scopo
225 2005 333 2090 fuerit,
356 2006 447 2069 tarde
471 2009 504 2068 et
528 2004 689 2090 gradatim
713 2010 888 2090 augmenta
909 2004 1148 2088 patrimonica

103 2096 208 2178 dabit,
239 2095 329 2178 ipsos
357 2115 433 2158 vero
462 2094 637 2159 absconsos
666 2094 805 2157 latentes
834 2098 867 2158 et
895 2094 1004 2158 animo
1032 2117 1111 2179 pau-

102 2205 196 2266 peres
224 2183 331 2247 reddit
363 2186 396 2247 et
422 2182 541 2247 habere
572 2204 605 2246 se
633 2182 756 2265 aliquid
789 2203 916 2265 semper
942 2189 1110 2268 negantes.

105 2269 304 2345 Quibusdam
326 2292 402 2336 vero
427 2294 465 2335 ex
489 2272 647 2355 aquaticis
672 2271 799 2336 actibus
826 2272 877 2336 vel
906 2294 945 2336 ex
967 2271 1111 2337 humidis

102 2360 244 2443 negotiis
267 2361 353 2423 vitae
377 2358 521 2424 subsidia
544 2360 692 2444 largitur.

76 2447 96 2511 7
196 2447 235 2511 In
254 2448 351 2511 tertio
371 2448 464 2532 signo
481 2448 639 2512 Saturnus
659 2449 699 2512 ab
713 2447 895 2532 horoscopo
914 2451 1112 2516 constitutus
1125 2473 1147 2515 a

104 2535 184 2602 facit
207 2537 318 2621 pigros
342 2538 453 2600 tardos
477 2541 510 2600 et
532 2538 656 2601 nullam
679 2537 896 2601 substantiam
919 2540 1112 2621 patrimonii

104 2625 316 2709 requirentes,
363 2624 397 2690 Si
424 2647 501 2689 vero
530 2648 603 2690 cum
626 2626 787 2691 Mercurio
811 2648 848 2691 ac
872 2626 964 2690 Luna
991 2627 1027 2691 in
1049 2628 1112 2693 hoc

104 2715 175 2779 loco
199 2711 311 2796 fuerit,
339 2713 439 2779 faciet
462 2736 535 2779 cum
560 2714 702 2779 stultitia
727 2715 923 2800 malitiosos,
951 2717 1113 2803 sacrilega

105 2807 220 2869 contra
243 2803 447 2867 divinitatem
468 2804 568 2867 verba
590 2803 761 2883 iactantes,
789 2804 960 2888 perdentes
984 2827 1114 2890 semper

103 2892 336 2978 patrimonium
360 2914 468 2974 suum,
493 2893 595 2976 fures,
623 2894 679 2956 sed
703 2914 783 2976 quos
807 2893 841 2957 in
863 2893 951 2958 furto
974 2916 1149 2978 prospera

103 3003 280 3066 numquam
309 2985 464 3064 sequatur
492 2984 632 3046 eventus.
680 2979 714 3045 Si
738 3003 814 3046 vero
841 2980 894 3045 his
922 2981 970 3045 ita
993 2984 1112 3066 positis

103 3092 305 3156 quacumque
334 3091 368 3134 se
391 3069 480 3135 Mars
509 3071 634 3135 ratione
662 3069 879 3154 coniunxerit,
906 3077 1111 3137 accusatores

193 3250 208 3298 3
229 3260 292 3298 eum
310 3243 349 3297 sic
362 3249 389 3295 H
406 3246 409 3314 t
425 3243 641 3314 languoribus?
692 3250 706 3297 7
726 3243 944 3312 compossederit
959 3246 1113 3314 (composc-

102 3319 135 3386 Ρ)
154 3321 202 3368 PB
230 3321 347 3384 capcetes
375 3315 531 3368 Secundum
556 3316 690 3368 Saturnus
721 3317 724 3384 t
754 3332 817 3368 cum
840 3315 911 3386 <per
937 3318 1070 3388 noctem>
1097 3332 1114 3369 o

107 3392 122 3440 9
141 3386 367 3455 interemptorem
386 3388 415 3439 et
428 3403 463 3439 m.
479 3391 506 3437 Μ
560 3393 592 3439 12
612 3386 661 3455 qui
674 3387 769 3457 natus]
788 3385 956 3453 quatinus?
1012 3392 1045 3441 16
1063 3403 1115 3468 per

103 3472 154 3511 om.
174 3462 197 3508 V
230 3458 234 3527 t
268 3456 474 3510 diatrumra1
563 3463 596 3511 20
619 3458 770 3538 gradatum
791 3462 839 3509 PB
873 3459 877 3528 t
909 3456 1074 3527 patrimonii
1095 3478 1115 3512 κ

105 3531 138 3581 21
158 3525 279 3580 latentes
294 3526 387 3580 animo
406 3529 435 3581 et
452 3549 469 3581 κ
525 3534 557 3582 23
576 3528 678 3581 umidis
692 3533 740 3580 PR
794 3534 827 3582 32
846 3546 940 3598 acrnpe
952 3528 1115 3585 radiatione
