2416 3840
118 168 183 232 184
550 166 687 222 ummo]

119 334 254 378 uxorem
277 313 409 377 difficile
431 319 678 398 consequentur,
699 335 776 376 nam
794 316 889 376 erunt
907 313 1076 377 libidinosi
1095 317 1129 378 et

83 405 158 466 ‘dex
181 403 246 465 ista
268 424 302 465 re
326 403 466 486 quodam
489 404 584 467 modo
611 402 758 466 infames.
802 399 842 464 In
865 406 1026 466 nocturna
1049 423 1129 467 vero

119 490 269 576 genitura
291 490 320 554 si
343 491 522 556 matutinus
546 492 581 555 in
602 492 666 556 hoc
688 490 760 555 loco
783 512 856 555 eum
879 488 1004 555 Venere
1027 489 1129 555 fuerit

116 579 277 661 inventus,
296 579 429 644 ancillas
448 585 505 644 aut
523 581 636 645 viduas
651 586 708 644 aut
725 577 911 643 meretrices
925 577 1129 643 matrimonii

116 666 180 731 sibi
195 668 303 752 gratia
322 669 534 752 copulabunt,
552 674 645 734 actus
664 690 741 732 vero
759 667 927 731 habebunt
942 667 1128 732 laboriosos
1154 696 1167 737 ε

116 760 150 820 et
172 756 305 821 serviles
330 761 362 821 et
386 757 471 822 circa
493 780 619 841 aquam,
642 758 671 821 si
693 757 784 821 nulla
806 756 902 820 stella
924 755 972 820 sio
994 756 1047 820 his
1065 778 1128 840 po-

115 844 189 909 sitis
227 845 261 909 in
298 845 422 909 decimo
460 846 501 910 ab
533 845 713 928 horoscopo
745 847 818 910 loco
852 844 952 908 fuerit
983 844 1128 909 inventa.

116 931 238 1008 Quodsi
262 933 370 1017 fuerit,
392 933 490 998 faciet
512 934 645 1017 proprio
667 935 779 998 labore
797 934 902 997 multa
921 937 1128 1017 quaerentes3

115 1026 211 1085 erunt
234 1021 320 1084 enim
347 1021 510 1106 peregrini
536 1023 758 1106 negotiatores
786 1023 1020 1106 gubernatores
1048 1044 1128 1085 nau·

64 1110 194 1176 lfloleri
216 1109 268 1172 vel
291 1108 503 1174 fabricatores
529 1112 608 1175 auri.
653 1109 867 1193 Vespertinus
895 1132 971 1174 vero
1000 1110 1034 1174 in
1061 1110 1127 1176 hoc
1141 1138 1166 1178 ιο

115 1198 188 1261 loco
204 1197 232 1260 si
247 1219 320 1261 cum
334 1195 459 1261 Venere
473 1198 573 1263 fuerit
591 1199 750 1282 inventus,
770 1200 919 1263 cordatos
936 1199 1127 1282 ingeniosos

116 1284 257 1350 musicos
286 1286 337 1349 vel
366 1288 555 1371 organarios
583 1286 682 1352 faciet
710 1293 767 1351 aut
794 1288 949 1352 tinctores
978 1286 1127 1351 colorum

116 1379 173 1438 aut
197 1379 380 1439 aromatum
398 1381 455 1439 aut
474 1397 675 1460 gemmarum
698 1381 755 1441 aut
774 1376 1025 1461 margaritarum
1044 1396 1128 1439 mer-

115 1467 255 1549 catores,
285 1463 383 1528 faciet
412 1464 568 1547 quosdam
596 1466 781 1548 myropolas
804 1463 857 1528 vel
882 1464 1124 1548 pigmentorum

115 1552 355 1616 medicinalium
374 1553 559 1618 inventores
580 1555 714 1638 [erunt];
736 1552 835 1617 faciet
854 1553 953 1616 etiam
973 1552 1020 1617 sic
1039 1553 1163 1636 posi-1⁶

114 1644 168 1704 tus
192 1639 378 1724 frequenter
401 1642 604 1724 praepositos
624 1642 839 1726 metallorum,
861 1645 899 1705 ut
918 1663 956 1704 ex
974 1640 1027 1704 his
1047 1640 1124 1706 acti·

115 1729 176 1792 bus
200 1730 340 1793 maxima
363 1728 429 1794 illis
452 1729 646 1794 facultatum
670 1730 813 1794 subsidia
837 1733 1043 1813 quaerantur.

63 1819 101 1883 11
203 1817 242 1880 In
261 1819 400 1901 septimo
419 1819 490 1883 loco
510 1819 550 1882 ab
570 1819 752 1902 horoscopo
766 1816 945 1882 Mercurius
965 1822 998 1881 et
1011 1816 1124 1882 Venus

115 1905 237 1988 pariter
265 1906 388 1971 inventi
417 1908 648 1971 absconsurum
676 1906 891 1971 valitudinum
914 1906 995 1970 vitia
1018 1906 1125 1971 decer-

113 1998 209 2079 nunt,
219 1994 343 2059 faciunt
351 1996 435 2059 enim
445 1999 502 2059 eut
509 1996 676 2079 hepaticos
686 1999 743 2059 aut
753 1994 925 2059 freneticos
938 1999 994 2058 aut
1003 1996 1123 2059 melan-
1137 2021 1162 2060 so

114 2082 258 2148 cholicos
273 2084 370 2148 ethis
386 2085 509 2149 similes
523 2082 728 2168 valitudines,
749 2084 803 2148 sed
819 2084 859 2148 ab
874 2084 985 2147 uxoris
1005 2083 1125 2148 affectu

115 2192 242 2255 semper
266 2173 388 2237 alienos
412 2177 445 2237 et
467 2194 570 2257 usque
594 2174 633 2237 ad
652 2173 805 2237 ultimum
823 2172 909 2236 vitae
928 2175 1059 2254 tempus
1078 2173 1125 2237 in-

62 2262 104 2327 12
114 2258 224 2325 fames.
273 2259 307 2325 si
331 2282 407 2325 varo
430 2261 465 2325 in
488 2261 550 2326 hoc
573 2261 644 2326 loco
668 2284 726 2345 per
749 2267 878 2325 noctem
902 2282 976 2325 cum
996 2258 1124 2326 Venere

114 2347 214 2411 fuerit
237 2348 395 2433 inventuS,
420 2372 438 2414 a
462 2351 651 2414 mulieribus
674 2350 725 2414 vel
746 2350 787 2414 ab
806 2349 961 2414 uxoribus
981 2349 1125 2414 maxima

115 2435 182 2499 illis
206 2436 392 2502 divitiarum
415 2439 601 2502 substantia
624 2437 809 2502 conferetur
832 2441 865 2501 et
886 2437 941 2520 qui
960 2438 1123 2522 gradatim
1138 2461 1163 2504 rr

114 2545 270 2607 processu
298 2527 414 2589 aetatis
443 2527 579 2610 grandes
608 2525 748 2591 honores
776 2530 809 2589 et
836 2527 995 2590 maximae
1023 2526 1124 2591 felici·

114 2611 193 2676 tatis
217 2612 358 2696 insignia
382 2620 629 2698 consequantur,
651 2615 842 2698 praesertim
867 2615 895 2678 si
917 2636 983 2678 non
1002 2636 1057 2678 eos
1077 2617 1124 2680 sio

114 2701 241 2785 positos
262 2700 349 2765 Mars
373 2707 406 2766 et
426 2700 584 2767 Saturnus
608 2725 647 2766 ex
670 2702 778 2786 aliqua
800 2708 892 2786 parte
912 2703 1124 2788 respexerint,

116 2791 172 2854 sed
196 2789 380 2873 specialiter
403 2789 570 2855 Saturnus.
608 2791 693 2855 Nam
717 2792 745 2855 si
768 2790 889 2856 fuerint
912 2790 977 2855 illis
1002 2791 1049 2856 sic
1066 2813 1124 2874 po

116 2878 190 2942 sitis
219 2879 306 2943 Mars
339 2884 372 2943 et
406 2878 564 2944 Saturnus
598 2880 706 2964 aliqua
737 2881 916 2944 radiatione
950 2878 1164 2964 coniunctius

115 2967 205 3054 haec,
228 2989 309 3052 quae
333 2969 481 3050 diximus,
504 2969 538 3032 in
562 2969 759 3034 contrarium
783 2972 923 3033 vertunt.

188 3159 593 3229 100nsequantur‚corr.os‘
655 3160 744 3215 3hoo
762 3177 811 3215 om.
827 3165 854 3212 11
914 3158 1069 3212 taucillas
1083 3165 1126 3212 11·

116 3230 244 3300 cgratiu
268 3247 316 3284 our.
334 3231 384 3284 'PB
475 3231 593 3284 ostella
616 3237 703 3286 om.V
792 3230 933 3302 8multa]
956 3247 995 3283 uu
1014 3229 1126 3285 vitam?

116 3300 333 3371 bpenogriniB
405 3308 438 3355 10
452 3302 496 3355 vel
511 3301 674 3425 δὶιίψάθεῐ
747 3308 777 3354 11
795 3319 857 3355 oum
871 3307 958 3356 oruv
1032 3301 1126 3355 1210-

115 3389 217 3440 corum,
236 3390 303 3427 coru
319 3372 349 3426 A'
420 3379 453 3426 14
467 3389 625 3442 muropoas
696 3379 728 3426 15
747 3374 797 3427 del.
812 3371 842 3425 A'
915 3377 947 3425 18
967 3371 1084 3425 aborosc
1098 3376 1127 3424 Ι

115 3448 147 3495 21
168 3442 299 3496 uxoribus
319 3443 435 3497 effectus
454 3448 496 3512 (us
515 3461 548 3498 ex
566 3443 629 3497 ibus
647 3447 717 3512 MP),
737 3460 804 3498 corr.
823 3442 853 3495 A'
927 3449 961 3496 25
980 3441 1127 3496 conferan-

115 3517 168 3582 tur,
187 3531 255 3568 eorr.
269 3513 300 3566 A'
360 3520 394 3568 26
413 3514 571 3569 maximav
630 3521 664 3568 29
682 3513 788 3584 positos
802 3519 864 3567 PB⁸
922 3511 1126 3568 roratione!
