2416 3840
492 179 666 248 1111‚e-1e.
1070 180 1114 244 95
1172 182 1175 188 “

101 323 213 390 omnia
236 323 355 389 artium
380 347 418 391 ac
436 324 689 390 fabricationem
709 329 900 390 ornamenta
918 324 1110 409 conciperet.

101 413 184 479 Post
217 412 356 480 Martem
388 413 575 479 dominandi
603 412 713 479 Venus
745 418 875 498 tempus
908 415 1045 497 aceepit3
1078 418 1111 479 et
1123 417 1163 485 13

102 502 180 587 quia
207 525 264 586 per
292 503 411 588 gradus
442 524 588 567 crescens
614 502 784 567 hominum
812 502 983 587 disciplina
1010 503 1111 567 etiam

101 591 292 675 prudentiae
313 596 503 656 ornamenta
518 590 675 677 concepit,
692 591 755 656 hoc
769 596 907 676 tempus,
925 613 988 676 quo
1003 614 1115 657 mores>

75 679 273 747 abominum
297 701 403 745 sermo
428 682 543 745 doctus
566 679 708 745 excoluit
733 684 766 745 et
789 702 853 765 quo
876 679 1024 745 homines
1047 680 1111 745 sin·

103 768 255 854 gularum
277 768 522 853 disciplinarum
545 769 687 839 naturali
711 769 848 835 scientia
870 769 1003 833 formati
1025 774 1109 853 sunt,

73 931 75 936 ,
102 856 240 922 Veneris
264 879 334 922 esse
357 857 543 941 voluerunt,
568 862 606 922 ut
627 858 707 922 laeti
730 881 768 922 ac
791 857 943 922 salutaris
966 858 1108 923 numinis

102 946 273 1011 maiestate
296 946 443 1031 provecti
466 951 611 1011 errantes
638 951 730 1012 aetus
758 945 978 1031 providentiae
1006 947 1109 1033 magi-

101 1035 203 1100 sterio
226 1036 455 1120 gubernarent.
501 1035 663 1101 Ultimum
689 1057 767 1100 vero
794 1040 921 1120 tempus
946 1033 1107 1101 Mercurio
1118 1039 1161 1104 14

59 1124 242 1191 rodendum
265 1145 335 1189 esse
358 1129 565 1210 putaverunt,
587 1125 640 1190 cui
664 1147 697 1190 se
719 1123 898 1190 novissimo
919 1123 1012 1188 Luna
1035 1146 1108 1190 con·

100 1212 217 1297 iungit.
264 1212 349 1290 Quid
379 1213 442 1279 hac
472 1217 584 1297 potest
615 1213 752 1279 inveniri
789 1213 1001 1297 dispositione
1034 1214 1107 1278 sub

99 1301 214 1366 tilius?
259 1301 414 1388 Purgatis
442 1303 625 1387 agrestibus
656 1302 786 1386 studiis,
814 1302 953 1386 repertis
982 1302 1106 1367 artibus

99 1390 345 1476 disciplinisque
373 1390 563 1475 compositis
595 1413 653 1475 per
681 1391 825 1456 diversos
853 1395 945 1455 actus
972 1391 1120 1454 humani·

100 1500 134 1544 se
158 1480 287 1564 generis
311 1479 439 1544 exacuit
461 1480 613 1556 intentio,
641 1483 674 1543 et
698 1480 773 1563 quia
796 1479 916 1544 mobile
940 1479 1106 1563 ingenium

56 1567 134 1635 15l11
156 1568 287 1632 homine
310 1590 411 1633 unum
433 1566 519 1633 ritae
543 1590 673 1633 cursum
696 1590 823 1633 servare
841 1590 907 1632 non
925 1572 1044 1652 potest,
1067 1590 1105 1632 ex

97 1656 198 1721 variis
225 1655 387 1721 institutis
414 1657 622 1740 moribusque
656 1656 798 1722 confusis
826 1657 970 1721 malitiae
1004 1656 1105 1721 crevit

97 1745 292 1827 inprobitas,
315 1749 348 1809 et
369 1745 482 1829 †vitae
506 1745 663 1810 scelerum
686 1744 811 1829 flagitia
834 1767 913 1831 gens
936 1744 1106 1810 hominum

96 1832 160 1897 hoc
188 1837 336 1917 tempore
368 1833 559 1898 facinorosis
589 1834 884 1898 machinationibus
917 1841 950 1899 et
982 1832 1106 1898 invenit

97 1926 132 1986 et
155 1921 298 1986 tradidit.
343 1921 415 1987 Hac
438 1944 477 1986 ex
500 1944 597 1987 causa
619 1921 772 1987 ultimum
794 1926 923 2007 tempus
944 1921 1104 1987 Mercurio

55 2038 83 2078 ro
98 2032 169 2075 esse
192 2010 385 2075 tradendum
408 2015 617 2096 putaverunt,
645 2016 683 2075 ut
706 2012 746 2077 ad
768 2011 986 2076 imitationem
1007 2010 1104 2075 istius

98 2098 213 2165 sideris
242 2100 370 2164 intenta
396 2120 477 2184 gens
503 2100 673 2165 hominum
701 2100 831 2184 plenam
860 2098 1004 2166 malitiae
1032 2121 1105 2164 con-

98 2188 221 2272 ciperet
243 2191 449 2273 potestatem.
491 2189 542 2253 Elx
560 2189 611 2254 bis
634 2191 754 2273 itaque,
778 2211 859 2273 quae
883 2210 941 2272 per
959 2188 1156 2258 ordinem15

97 2282 192 2363 gesta
215 2281 300 2360 sunt,
323 2277 440 2360 ethis,
464 2278 656 2362 quicumque
674 2277 844 2343 hominum
862 2278 1102 2342 succedentium

96 2369 280 2448 temporum
294 2365 507 2431 mutationem
522 2366 677 2452 lecerunt,
696 2365 846 2453 genitura
864 2365 976 2432 mundi
994 2367 1103 2432 divina

51 2479 80 2521 aa
95 2455 299 2519 coniecturae
328 2455 596 2540 interpretatione
629 2455 811 2539 composita
844 2459 907 2540 est,
940 2460 974 2521 et
1005 2456 1100 2522 nobis

95 2543 252 2608 haetenus
276 2546 309 2609 et
332 2544 425 2630 origo
453 2549 486 2609 et
509 2566 621 2609 cursus
644 2545 778 2609 humani
802 2545 929 2630 generis
952 2545 1101 2630 traditur,

96 2631 158 2716 [et]
181 2635 219 2696 ut
240 2632 302 2697 hoc
326 2637 428 2715 esset,
451 2634 536 2718 quod
560 2632 595 2698 in
618 2633 777 2718 genituris
799 2634 969 2699 hominum
993 2656 1101 2718 seque·

95 2735 205 2784 remur
233 2722 422 2806 exemplum.
468 2721 518 2786 Ne
547 2722 623 2807 quid
650 2726 759 2786 autem
786 2745 806 2786 a
832 2723 928 2788 nobis
960 2727 1101 2806 praeter·

95 2809 232 2874 missum
260 2831 329 2873 esse
357 2810 518 2895 videatur,
547 2811 656 2876 omnia
683 2811 872 2895 explicanda
900 2815 990 2895 sunt,
1018 2832 1099 2893 quae

48 2924 79 2968 ao
92 2899 235 2983 probant
265 2898 430 2963 hominem
463 2899 503 2964 ad
530 2899 748 2965 imitationem
776 2900 887 2964 mundi
917 2899 1100 2964 similitudi-

93 3008 231 3070 nemque
254 2987 441 3052 formetum.
479 2988 731 3072 Apocatastasin
753 3010 812 3073 per
829 2988 964 3072 pyrosin
986 2992 1019 3053 et
1042 3008 1100 3070 per
1111 2989 1152 3054 16

183 3184 196 3231 1
218 3177 305 3232 artius
323 3179 377 3232 hae
395 3178 588 3248 fabricatione,
607 3197 675 3236 corr.
694 3199 711 3234 a
774 3186 789 3233 2
810 3182 839 3235 et
856 3181 884 3252 a]
904 3182 937 3234 ut
1002 3185 1018 3233 8
1036 3195 1100 3248 pro-

91 3248 161 3304 tecti
180 3268 197 3303 a
261 3255 294 3303 14
312 3249 415 3318 nobile,
434 3267 501 3305 corr.
520 3272 537 3305 κ
609 3257 773 3305 recursum
791 3251 868 3306 uitae
886 3257 914 3304 M
977 3255 1009 3304 17
1028 3252 1100 3306 celat

91 3323 194 3374 cuneta
212 3327 262 3376 aut
278 3320 381 3375 vitiosa
399 3320 520 3391 (infinita
538 3322 667 3392 Mueller)
682 3323 687 3395 l
702 3321 846 3376 hominum
864 3340 913 3377 oce.
928 3328 951 3374 V
1006 3327 1037 3375 21
1057 3321 1099 3376 in-

90 3394 186 3460 uenta,
206 3409 273 3447 corr.
288 3409 327 3447 κσ
342 3393 346 3464 Ι
361 3391 454 3462 plena,
472 3410 540 3449 corr.
555 3410 593 3446 κσ
646 3399 679 3448 23
699 3393 867 3461 quicumque
881 3391 1023 3446 hominurn
1037 3410 1099 3448 coa·

89 3463 260 3534 imependunt
277 3465 303 3518 si
318 3479 405 3518 sacae
418 3470 455 3520 est
469 3465 542 3520 locus
596 3470 629 3518 25
649 3466 678 3519 et
690 3463 771 3519 uobis
790 3464 818 3535 c]
836 3466 869 3518 ut
881 3463 962 3518 nobis
1017 3470 1050 3519 27
1070 3468 1099 3520 et

89 3535 178 3590 dcto
250 3538 282 3588 81
302 3533 412 3602 cyrosin
