2416 3840
472 186 549 257 1114,
564 203 659 243 aa-aa
1004 188 1067 253 125

61 338 119 399 aut
138 333 301 419 trigonica
320 356 354 398 se
373 333 528 398 societate
549 332 765 419 coniunxerit3
786 337 864 399 tuno
883 333 969 398 enim
989 333 1068 400 facit

60 422 183 487 iudices
210 423 367 487 habentes
400 422 451 486 ius
480 422 582 507 gladii
614 443 687 487 cum
718 421 868 487 maximis
896 422 1067 508 dignitatis

60 512 126 577 insi
150 511 255 575 nibus.

128 532 190 664 gIn
205 599 393 664 duodecimo
407 599 480 664 loco
495 597 582 663 Mars
602 599 643 662 ab
661 599 842 683 horoscopo
862 600 1068 684 constitutus,
1079 600 1122 665 34

33 690 93 755 asi
116 710 174 773 per
196 688 281 753 diem
304 688 338 752 in
360 688 423 752 hoc
446 689 517 753 loco
541 686 640 752 fuerit
662 687 812 752 inventus
818 737 828 772 ‚
850 687 1068 772 aegritudines

64 777 221 842 maximas
245 776 389 842 decernit
412 780 445 840 et
468 776 563 841 malis
586 776 675 842 vitiis
698 775 845 859 implicat
870 780 903 841 et
926 799 945 842 a
969 778 1069 842 serris

64 867 194 932 crebras
218 866 390 930 concinnat
412 864 546 929 insidias
569 868 602 929 et
624 864 705 929 iacit
727 865 840 949 talem,
869 865 921 930 cui
944 887 1070 951 semper

65 954 150 1020 servi
173 976 288 1019 nocere
312 953 507 1038 desiderent,
535 957 568 1018 et
597 953 747 1018 omnibus
775 953 843 1018 eius
872 955 1069 1040 multiplices

66 1066 125 1127 per
140 1064 250 1108 servos
266 1042 392 1127 spargit
405 1042 565 1106 infamias.
601 1041 800 1126 Frequenter
817 1046 925 1108 autem
938 1049 1072 1128 propter

26 1158 52 1198 ιο
67 1132 210 1197 inclusos
226 1131 381 1215 quosdam
401 1135 457 1195 aut
476 1131 511 1194 in
525 1131 672 1196 custodia
687 1132 884 1196 constitutos
903 1133 1072 1198 autetiam

68 1222 240 1285 damnatos
256 1222 364 1284 aestus
380 1240 516 1304 angores
532 1219 765 1285 sollicitudines
784 1221 902 1285 damna
918 1222 1073 1306 pericula

68 1331 130 1394 que
150 1309 303 1374 decernit.
341 1307 403 1373 Sed
421 1308 501 1373 haec
521 1309 629 1373 omnia
648 1308 851 1393 mitigantur,
872 1310 900 1374 si
920 1311 966 1375 sic
985 1310 1072 1376 Mars

69 1397 201 1481 positus.
220 1396 287 1482 [ne]
311 1397 345 1460 in
368 1402 527 1461 nocturna
550 1395 701 1482 genitura
725 1397 824 1461 deerit
847 1398 1007 1463 inventus.
1056 1454 1059 1461 ,

159 1485 280 1571 Optare
295 1490 405 1549 autem
419 1486 572 1550 debemus
589 1486 623 1550 in
638 1486 788 1550 omnibus
803 1487 961 1572 genituris
977 1491 1073 1571 etque
1084 1488 1126 1553 35

26 1600 53 1641 15
69 1576 104 1639 in
132 1574 282 1639 omnibus
310 1572 405 1660 locis,
431 1579 468 1638 ut
491 1573 592 1638 Marti
620 1574 765 1658 qualibet
790 1575 970 1640 radiatione
999 1597 1074 1661 qno·

69 1663 152 1728 libet
174 1685 213 1729 ex
234 1664 307 1728 loco
327 1662 437 1727 Venus
461 1685 495 1727 se
518 1685 555 1727 ac
576 1662 723 1748 luppiter
747 1685 874 1748 semper
897 1668 1075 1749 opponant3

69 1756 149 1817 tunc
181 1751 266 1817 enim
295 1751 435 1835 impetus
464 1750 531 1816 eius
565 1773 604 1815 ex
632 1753 857 1837 qualicumque
889 1757 981 1837 parte
1009 1755 1075 1818 lan·

72 1845 244 1927 gaescunt‚
281 1862 354 1905 cum
386 1841 524 1904 istarum
557 1840 724 1905 stellarum
755 1840 854 1905 fuerit
886 1840 1075 1907 testimonio

72 1930 253 2014 mitigatus.
300 1927 362 1994 Sed
386 1934 418 1994 et
442 1927 522 1994 illud
545 1929 698 1994 debemus
727 1933 853 2014 optare,
879 1952 920 1994 ne
949 1931 1076 2014 quando

28 2044 58 2085 ro
72 2041 130 2103 per
149 2019 234 2082 diem
253 2018 416 2083 cardinem
440 2018 582 2102 aliquem
599 2018 688 2083 Mars
708 2019 876 2102 geniturae
897 2020 1077 2104 possideat3

73 2107 211 2171 sienim
238 2129 296 2191 per
319 2106 404 2171 diem
428 2107 590 2189 partiliter
617 2107 651 2170 in
679 2106 788 2191 aliquo
817 2107 985 2191 geniturae
1013 2130 1079 2173 aar·

74 2195 148 2259 dine
179 2195 278 2260 fuerit
309 2195 475 2279 inventus,
507 2195 597 2260 vario
630 2198 744 2260 contra
775 2218 862 2279 eum,
895 2196 950 2279 qui
981 2201 1078 2262 natus

74 2283 182 2368 fuerit,
205 2305 322 2369 genere
346 2289 522 2368 grassatur.
569 2282 608 2348 In
631 2285 760 2349 cardine
788 2284 874 2349 enim
896 2284 1001 2350 Marte
1024 2307 1079 2370 po·

67 2373 153 2454 sito,
182 2373 210 2436 si
234 2372 264 2437 ei
286 2395 343 2457 per
367 2373 451 2438 diem
475 2371 623 2458 Iuppiter
645 2395 679 2437 se
704 2372 906 2438 coniunxerit
929 2374 992 2459 †in
1015 2374 1078 2440 alio

31 2487 60 2529 aa
77 2461 205 2526 cardine
238 2484 294 2544 per
322 2461 407 2526 diem
434 2461 522 2526 Mars
549 2462 648 2526 fuerit
675 2463 825 2527 inventus
858 2468 892 2527 et
920 2461 1079 2529 Saturnus

76 2550 176 2615 alium
194 2549 357 2615 cardinem
372 2549 537 2636 geniturae
552 2551 740 2635 possederit,
759 2551 857 2617 faciet
871 2551 1079 2618 biothanatos

77 2643 134 2704 aut
157 2639 246 2722 ipsos
271 2638 334 2703 sibi
356 2638 530 2726 inferentes
553 2661 673 2705 necem.
711 2640 833 2705 Verum
852 2641 880 2705 si
899 2642 933 2705 in
952 2641 1079 2706 cardine
1090 2640 1133 2705 36

76 2750 135 2812 per
153 2725 238 2791 diem
257 2727 434 2792 constituto
450 2727 554 2793 Marte
572 2727 607 2793 in
625 2727 690 2793 alio
711 2730 838 2794 cardine
854 2727 963 2794 Venus
982 2729 1082 2794 fuerit

76 2819 218 2898 inventa,
240 2815 339 2881 faciet
358 2815 495 2881 assiduis
514 2839 661 2882 amorum
679 2816 850 2882 inlecebris
869 2817 1002 2903 fatigari
1026 2822 1083 2882 aut

33 2932 64 2972 ao
77 2903 302 2969 interfectores
325 2927 462 2970 urorum
486 2909 543 2969 aut
565 2905 654 2991 ipsos
679 2905 742 2970 sibi
765 2905 938 2970 inferentes
962 2928 1080 2971 necem.

170 3119 184 3167 1
200 3112 286 3168 faciet
298 3119 333 3167 1²⁰
392 3113 575 3168 ‘linuidiasv
629 3121 644 3170 8
665 3115 792 3170 omnibus
802 3115 955 3188 <actibus>
967 3116 1085 3170 Mueller

81 3191 112 3239 11
132 3183 262 3256 langores
276 3184 306 3237 A‘
363 3191 395 3238 12
413 3185 593 3255 mittigantur
610 3191 657 3239 PR
712 3192 745 3240 13
764 3204 799 3241 ne
818 3188 867 3241 dcl.
882 3186 911 3239 A'
971 3193 1004 3239 14
1023 3189 1085 3240 aut·

80 3272 135 3326 que
149 3263 168 3309 P
224 3263 256 3312 16
275 3260 418 3326 opponant
430 3274 480 3311 noa
493 3257 684 3327 (opposuerint
697 3258 782 3329 surb]
802 3256 932 3327 oportuni
986 3262 1020 3310 20
1035 3256 1085 3311 ali-

80 3344 164 3397 quem
184 3327 325 3382 cardinem
347 3333 374 3380 n
446 3334 479 3380 22
499 3330 673 3382 contractum
691 3327 739 3398 qui
757 3334 780 3380 V
852 3334 886 3382 24
905 3328 931 3381 ei
950 3327 992 3400 A']
1012 3327 1087 3382 enim

81 3404 115 3452 28
139 3406 188 3454 act
211 3399 282 3472 <et>
305 3398 335 3453 in
354 3398 410 3453 alio
433 3402 504 3470 (cam
521 3401 549 3468 v)
568 3415 591 3454 c.
604 3418 631 3469 p.
647 3400 673 3454 d.
693 3398 846 3453 Mercurius
868 3406 918 3455 aut
939 3416 990 3469 per
1012 3399 1086 3454 diem

81 3469 157 3523 Mars
176 3469 261 3524 fuerit
278 3471 328 3525 del.
400 3477 432 3525 29
452 3486 577 3524 amorum
594 3469 743 3525 inlecebris
761 3471 790 3543 a]
810 3489 827 3524 a
844 3474 906 3543 (aut
923 3474 981 3541 PR)
999 3470 1087 3526 maio-

81 3557 144 3595 rum
160 3539 192 3594 in
208 3539 326 3595 latebris
343 3546 451 3595 Im
468 3540 606 3596 malorum
623 3540 771 3597 inlecebris
790 3541 819 3595 a'
