2416 3840
39 125 42 129 ’
102 160 168 225 258
539 156 676 212 sumu
765 103 768 110 ’

102 307 188 371 vitae
221 305 317 370 debes
350 303 500 389 diligenti
531 302 657 367 ratione
689 302 842 387 colligere
875 306 909 366 et
939 302 1111 388 geniturae

77 419 79 423 ·
103 393 226 459 domini
247 395 453 477 potestatem.
499 391 699 476 Frequenter
717 391 802 456 enim
822 411 896 456 cum
918 391 1001 456 bene
1024 391 1111 457 ordi·

103 483 190 547 natis
219 481 412 566 quibusdam
444 480 548 544 stellis
582 480 750 565 geniturae
782 480 931 545 dominus
968 483 1111 566 angusta

103 570 230 636 vivendi
249 570 355 654 spatia
374 569 526 653 decernit,
549 571 698 652 exparte
717 571 835 651 totum,
855 567 1009 652 quicquid
1027 568 1109 634 bene

101 659 228 745 positae
252 659 366 723 stellae
389 658 609 741 decreverant,
636 657 800 722 inmaturo
824 655 940 723 mortis
964 661 1111 722 mutatur
1135 682 1148 724 s

71 749 249 814 2adventu
296 747 437 830 Tempus
465 767 542 831 ergo
570 745 656 810 utae
680 768 699 809 a
723 743 797 811 Sole
825 751 858 811 et
887 745 980 810 Luna
1007 749 1041 810 et
1069 746 1110 810 ab

101 837 276 920 horoscopi
298 839 390 919 parte
410 839 451 919 et,
475 835 561 918 quod
581 837 630 898 est
647 834 864 919 potissimum,
888 839 921 899 et
939 856 959 898 a
977 833 1110 899 domino

101 925 270 1011 geniturae
294 923 390 989 debes
414 921 564 1008 diligenti
587 923 713 987 ratione
736 922 910 1008 discutere3
937 944 1020 1006 quae
1044 945 1111 989 om·

100 1014 171 1098 nia,
192 1015 269 1078 licet
292 1013 326 1076 in
348 1012 411 1076 hoc
433 1033 529 1095 opere
553 1011 691 1095 sparsim
714 1012 800 1076 dicta
823 1012 902 1096 sint,
925 1011 1112 1094 specialiter

102 1101 268 1166 tamenin
288 1100 483 1183 singulari
501 1099 617 1185 libro,
640 1122 749 1185 quem
769 1100 811 1164 de
831 1100 983 1166 domino
1002 1100 1150 1186 geni-ro

101 1195 212 1255 turae
241 1193 278 1253 et
306 1189 608 1253 chronooratore
636 1189 680 1253 ad
708 1188 901 1254 Murinum
933 1193 1110 1253 nostrum

102 1278 346 1362 scripsimus,
366 1279 398 1340 et
417 1277 648 1361 comprehensa
667 1280 742 1342 sunt
761 1283 794 1342 et
809 1278 978 1361 explicata
1005 1275 1112 1343 Labo-

101 1367 237 1431 randum
266 1367 376 1450 itaque
407 1369 456 1430 est
486 1369 519 1430 et
549 1365 637 1430 omni
670 1365 897 1432 sollicitudinis
929 1365 1111 1431 intentione

102 1455 303 1541 quaerendus
334 1454 502 1539 geniturae
535 1453 697 1540 dominus,
731 1459 769 1520 ut
797 1476 856 1538 per
883 1455 946 1519 hoc
976 1455 1111 1521 invento

102 1543 188 1609 vitae
212 1542 319 1628 spatio
343 1545 376 1607 et
400 1565 418 1606 a
442 1544 690 1609 chronooratore
715 1543 852 1628 singulis
875 1543 980 1608 stellis
1004 1543 1111 1609 diviso
1125 1567 1150 1608 rs

72 1633 212 1698 3omnia
231 1632 402 1716 possimus,
426 1653 507 1714 quae
527 1632 653 1696 decreta
671 1630 801 1715 fuerint,
824 1632 993 1716 explicare.
1028 1630 1111 1697 Sana

103 1725 194 1787 extra
218 1725 343 1786 ceteros
367 1720 569 1785 climacteras
598 1721 698 1785 etiam
721 1719 852 1804 septimi
875 1721 952 1785 anni
975 1724 1009 1786 et
1032 1721 1112 1786 noni

101 1833 160 1895 per
184 1832 278 1875 omne
302 1809 388 1874 vitae
411 1813 539 1893 tempus
559 1809 779 1892 multiplicata
797 1809 923 1874 ratione
943 1813 1112 1874 currentes

101 1898 245 1963 naturali
277 1898 415 1983 quadam
447 1901 480 1962 et
510 1898 628 1962 latenti
659 1898 785 1963 ratione
815 1898 911 1963 variis
943 1898 1113 1962 hominem

102 1987 319 2072 periculorum
334 1986 574 2051 discriminibus
589 2008 716 2070 semper
731 1986 886 2069 afficiunt,
895 1987 979 2052 uude
989 1985 1112 2052 LXIII.
1126 2013 1151 2054 so

103 2098 214 2160 annus,
235 2077 311 2158 quia
328 2074 498 2159 utriusque
517 2075 642 2138 numeri
661 2097 821 2140 summam
839 2076 963 2159 pariter
981 2076 1112 2161 excipit,

103 2164 271 2229 androclas
304 2164 485 2248 appellatus
518 2167 581 2244 est3
613 2164 725 2228 novies
758 2165 844 2228 enim
876 2163 1002 2248 septeni
1034 2165 1113 2229 anni

102 2251 210 2317 LXIII
234 2253 418 2317 efficiuntur
442 2256 474 2317 et
498 2251 583 2336 [qui]
603 2273 714 2317 rursus
734 2252 854 2336 septies
873 2253 991 2318 noveni
1011 2253 1114 2318 simili

102 2341 198 2405 modo
222 2339 329 2405 LXIII
353 2341 429 2404 anni
452 2339 644 2406 efficiuntur.
691 2340 774 2416 Quia
801 2342 913 2426 itaque
940 2341 1113 2426 utriusque

102 2428 229 2492 numeri
253 2451 366 2493 cursus
390 2429 424 2493 in
445 2429 507 2493 hoc
531 2451 615 2494 anno
636 2435 773 2514 aequata
791 2431 918 2495 ratione
938 2431 1151 2514 concurritur

103 2516 234 2601 grandis
264 2539 390 2600 semper
417 2517 553 2601 periculi
581 2518 754 2583 discrimen
780 2517 919 2603 inponit.
966 2517 1114 2584 sienim

104 2605 230 2689 septeni
254 2607 286 2668 et
308 2604 425 2668 noveni
448 2606 532 2690 anni,
557 2606 612 2688 qui
632 2606 832 2672 ebdomadici
856 2604 1056 2673 aGraecis
1082 2611 1117 2673 et

193 2796 303 2850 2enim
325 2812 389 2849 cum
406 2797 435 2867 κ]
458 2813 521 2849 cum
540 2795 612 2850 enim
685 2797 1115 2870 3domine1dominumPB,

104 2885 171 2923 corr.
186 2867 215 2920 A‘
298 2874 315 2921 4
339 2869 470 2937 exparte
489 2869 580 2921 totum
598 2870 626 2940 κ]
651 2872 679 2922 et
696 2873 786 2924 marte
806 2870 895 2924 solum
975 2875 991 2925 5
1010 2871 1115 2940 posito,

103 2956 171 2994 corr.
187 2958 203 2991 a
228 2940 231 3011 Ι
256 2941 440 2993 mutantur!
521 2944 536 2992 6
556 2939 707 3010 aduentus,
730 2958 797 2996 corr.
813 2939 869 3000 Μ’
896 2943 899 3011 Ι
925 2957 943 2994 a
960 2940 1036 3013 Sole]
1063 2942 1116 2998 sub

104 3010 223 3082 solent
244 3013 273 3065 et
292 3027 308 3064 a
326 3010 394 3064 luna
411 3016 459 3063 PB
480 3012 484 3079 Ι
505 3009 647 3064 aborocn
728 3019 884 3081 tompore,
903 3028 971 3067 corr.
991 3032 1023 3079 ις
1042 3014 1118 3068 illud

104 3082 225 3149 defendit
251 3082 366 3137 Salmas.
396 3082 470 3136 Plc'o.
498 3098 581 3137 caere.
601 3083 633 3136 3b
651 3083 681 3135 D
767 3089 800 3136 10
827 3086 923 3137 tamen
945 3100 996 3138 cm.
1015 3088 1044 3136 Η

106 3157 138 3206 11
158 3155 352 3207 cronocratore
371 3153 451 3222 (idem
470 3156 514 3221 lo)
592 3159 624 3206 12
644 3153 822 3223 explicanda,
846 3171 912 3209 corr.
927 3171 946 3206 v
1019 3160 1054 3209 13
1074 3157 1119 3211 cst

106 3225 135 3277 et
152 3225 181 3348 a}
200 3227 273 3278 esset
295 3225 298 3295 Ι
324 3223 422 3292 omnis,
441 3239 508 3278 corr.
523 3222 552 3275 A‘
628 3230 659 3278 16
679 3241 752 3292 quac
770 3243 819 3279 om.
834 3231 861 3278 n
884 3228 890 3306 Ι
915 3224 1043 3279 fucrit!
1060 3229 1065 3296 Ι
1081 3228 1116 3294 of.

104 3295 187 3349 Pau.
204 3296 260 3350 P3
276 3295 381 3351 Censor.
401 3312 422 3350 c.
438 3299 473 3349 14
491 3295 605 3350 Salmas.
620 3297 652 3351 cl.
668 3301 703 3350 94
765 3302 797 3350 18
817 3300 932 3350 cmm!
994 3302 1027 3350 21
1050 3297 1120 3352 anni

106 3365 400 3436 EoruPlexipitM
471 3366 848 3421 tlauniLXHIanniPR
920 3368 1065 3423 mulcta

107 3437 254 3504 scitaque
273 3435 380 3560 A'pita
399 3439 484 3504 atque
556 3443 588 3492 25
609 3437 687 3506 anni,
712 3455 778 3493 corr.
794 3459 811 3492 κ
883 3444 915 3491 27
936 3438 1121 3511 ebdomatici,

105 3523 173 3560 corr.
194 3507 276 3561 Salm.
296 3509 366 3562 cim.
386 3512 422 3563 59
