2416 3840
477 188 516 243 IV
531 195 572 258 14,
587 194 725 258 ra-15,a.
1038 188 1100 251 231

101 336 263 421 magnoin
281 334 411 419 templis
432 334 540 399 officia
558 338 745 399 tractantes.
783 332 817 398 si
837 334 964 398 veroin
984 333 1100 398 ceteris
1111 334 1155 399 20

101 426 265 506 geniturae
295 424 374 489 locis
404 423 504 488 fuerit
533 422 598 486 ista
628 423 828 506 coniunctio,
859 423 1036 487 mediocres
1066 423 1102 487 in

100 510 307 578 facultatibus
330 511 409 576 facit
432 516 466 576 et
485 512 540 595 qui
559 515 645 575 artes
664 510 843 576 metallicas
863 533 1010 576 exercere
1029 533 1104 576 eon-

101 603 268 666 sueverint.
313 600 408 666 Facit
430 601 619 685 plerumque
643 599 798 664 coriarios
822 603 855 664 et
879 600 934 682 qui
953 604 1104 664 aromata

65 713 87 753 s
102 691 234 755 mercari
257 690 491 772 consueverint,
513 688 593 753 facit
613 688 712 753 etiam
731 710 786 753 eos
805 687 962 771 politores
981 689 1102 772 pretio-

101 799 209 841 sarum
230 801 430 864 gemmarum
453 777 504 843 vel
533 778 589 861 qui
616 777 754 863 gemmis
779 799 817 842 ex
844 775 935 841 vario
958 777 1103 862 pigmen-

99 870 207 930 torum
235 888 348 950 genere
378 866 475 932 aliam
504 865 643 950 speciem
672 865 789 931 eoloris
821 865 1013 950 adpingant,
1045 869 1103 929 aut

100 957 266 1019 ornatores
284 961 341 1020 aut
360 956 540 1039 sculptores
555 955 802 1020 simulacrorum
819 958 876 1018 aut
889 953 1103 1019 fabricatores

99 1043 218 1109 efficiet
246 1050 300 1108 aut
328 1044 362 1109 in
389 1044 519 1128 templis
553 1066 645 1109 sacra
678 1043 820 1109 carmina
848 1048 1017 1127 precantes
1045 1047 1103 1106 aut

56 1157 84 1196 10
98 1132 248 1197 tibicines
272 1134 466 1218 templorum
489 1133 587 1197 faciet
611 1137 644 1198 et
668 1133 722 1216 qui
745 1132 888 1196 habeant
907 1154 1015 1196 rerum
1034 1153 1103 1196 cae·

98 1221 230 1284 lestium
252 1221 418 1287 notionem
445 1223 496 1286 vel
520 1222 575 1306 qui
599 1221 704 1286 sciant
727 1225 851 1286 secreta
874 1220 1027 1285 caelestia
1050 1221 1102 1286 vel

98 1308 154 1392 qui
177 1331 227 1373 res
252 1310 424 1375 absconsas
449 1315 481 1374 et
505 1310 632 1374 abditas
655 1309 745 1374 facili
763 1309 889 1374 ratione
907 1310 1103 1394 perdiscant,

97 1401 134 1461 ut
157 1419 195 1460 ex
218 1397 270 1461 his
295 1398 516 1463 occasionibus
541 1399 626 1463 vitae
647 1398 713 1461 illis
733 1397 878 1461 subsidia
897 1401 1104 1480 quaerantur.

566 1591 634 1656 XV.

53 1743 81 1782 15
185 1713 407 1782 ASaturno
431 1671 605 1781 defluens
628 1664 741 1783 Lunna.
789 1714 1155 1782 SiaSaturnode-1

97 1806 198 1870 fluens
223 1803 315 1868 Luna
339 1804 400 1889 [et]
429 1806 468 1869 ad
490 1805 616 1870 nullum
639 1804 773 1888 feratur,
801 1807 857 1872 sed
880 1827 937 1889 per
964 1826 1103 1871 vacuum
1137 1810 1138 1815 ’

97 1917 209 1960 cursus
238 1915 314 1959 suos
344 1895 465 1979 dirigat
489 1897 521 1958 et
545 1894 588 1958 sit
612 1915 757 1958 crescens
780 1895 832 1958 vel
855 1894 951 1978 plena
973 1895 1103 1959 lumini-

95 1985 166 2066 bus,
188 1983 421 2066 patrimonium
445 1983 563 2046 misera
581 1983 777 2047 laceratione
796 1982 953 2066 dilapidat
972 1987 1005 2046 et
1022 1983 1105 2052 facit,

97 2096 116 2135 a
145 2072 334 2155 parentibus
366 2071 498 2136 alienari
530 2074 585 2135 aut
615 2071 819 2154 interemptis
849 2071 1038 2155 parentibus
1068 2072 1102 2138 in

52 2186 81 2226 ao
96 2160 202 2243 prima
225 2163 329 2224 aetate
348 2160 452 2224 reddit
471 2160 582 2236 orbos;
605 2159 685 2224 facit
704 2159 894 2243 plerumque
912 2159 1025 2244 pigros
1045 2164 1103 2224 aut
1202 2171 1204 2175 ’

96 2251 131 2312 in
153 2248 339 2332 longinquis
364 2248 679 2333 peregrinationibus
698 2246 824 2312 detinet
842 2253 1026 2332 occupatos.
1065 2246 1100 2314 Si
1132 2251 1154 2314 2

97 2359 173 2401 vero
197 2336 240 2401 sit
263 2337 389 2400 minuta
411 2337 603 2418 luminibus,
632 2335 692 2422 [et]
720 2335 819 2401 faciet
847 2337 932 2401 eirca
955 2342 1101 2402 ventrem

96 2425 199 2511 frigus
223 2426 401 2504 adsiduum,
425 2447 506 2509 quos
529 2423 666 2490 Graeci
689 2424 950 2510 psychrocoelios
974 2430 1102 2511 vocant,

96 2520 129 2578 et
151 2513 287 2579 infinitis
310 2515 499 2600 flegmatum
524 2514 613 2579 vitiis
641 2514 842 2597 laborantes,
870 2535 995 2579 macros
1019 2514 1102 2598 sple

52 2628 81 2669 rs
95 2604 184 2668 nicos
213 2604 432 2688 dysentericus
463 2604 659 2688 hydropicos
686 2602 899 2687 pleumatieos
928 2604 978 2668 vel
1007 2604 1103 2688 dysu-

95 2692 199 2757 riacos
224 2698 257 2757 et
281 2693 336 2776 qui
359 2692 537 2757 latentibus
565 2692 719 2757 vitiorum
742 2691 908 2756 doloribus
923 2696 1102 2775 ¹torquean-

94 2785 162 2864 tur3
186 2781 241 2845 sed
264 2781 343 2844 haec
366 2802 425 2864 pro
449 2782 615 2866 signorum
640 2780 797 2864 qualitate
821 2781 974 2845 decernit.

185 2978 200 3024 3
219 2971 396 3024 mechanicas
415 2971 461 3025 uel
479 2970 636 3025 metallicas
654 2977 681 3022 Μ
758 2975 773 3023 5
792 2970 936 3041 pollitores
955 2976 982 3021 Μ
1000 2969 1101 3039 pollin-

94 3046 168 3097 tores
183 3047 221 3094 R*
276 3046 290 3094 7
310 3041 467 3111 adiungant
480 3048 521 3093 ΜΒ
575 3047 591 3095 8
609 3044 766 3095 tornatores
781 3041 810 3094 Δ’
826 3042 977 3108 cfl139,2a
997 3045 1062 3106 221,
1073 3053 1102 3107 4,·

95 3133 133 3168 ao
151 3111 346 3166 inauratores?
362 3114 365 3180 t
383 3111 516 3166 soultores
535 3119 562 3164 11
622 3114 871 3180 apraecantantes
890 3110 919 3163 A‘
984 3116 1017 3163 10
1035 3109 1102 3164 tibi·
1141 3113 1144 3118 '

96 3185 156 3238 eine
175 3190 202 3235 Μ
227 3186 231 3252 Ι
256 3182 373 3250 facient,
393 3200 461 3237 corr.
481 3182 510 3234 A‘
592 3189 623 3235 11
642 3182 773 3236 notitiam
793 3189 820 3234 Μ
900 3187 931 3235 15
948 3198 1000 3250 pro
1018 3183 1099 3236 iasar.

96 3255 320 3309 Saturnuslss’lt
337 3257 340 3322 Ι
358 3253 408 3306 sia
426 3271 475 3306 om.
491 3260 518 3305 11
573 3259 605 3306 16
620 3255 649 3307 et
661 3255 711 3308 del.
722 3253 751 3305 A'
809 3258 841 3306 17
856 3270 966 3305 cursum
981 3258 1102 3306 suum!

97 3333 129 3379 18
144 3325 318 3394 lapidatione
337 3323 474 3377 dilacerat
487 3324 532 3378 uel
547 3323 727 3394 dilapidat!
776 3330 810 3377 20
829 3322 921 3377 reddit
935 3323 1017 3376 orbos
1026 3323 1100 3395 sita]

94 3396 221 3449 redditur
238 3396 291 3450 boo
366 3401 398 3448 22
419 3395 456 3449 sit
469 3412 518 3450 om.
534 3401 561 3446 11
576 3396 580 3465 t
597 3398 626 3449 et
643 3396 694 3450 del.
709 3392 738 3447 A‘
808 3401 841 3448 23
860 3393 1060 3464 psichroeoelio
1074 3400 1102 3448 Ι

93 3466 303 3536 psychrocoelio
317 3472 364 3519 PB
382 3467 416 3533 cf.
428 3467 498 3523 Ptol.
510 3469 604 3521 39¹2&
658 3472 692 3519 24
706 3482 817 3536 magras
872 3471 905 3518 26
919 3464 1101 3537 lipseterioos,

94 3555 162 3593 corr.
183 3558 199 3591 a
215 3540 219 3609 t
235 3537 426 3607 pleumetieos,
446 3555 513 3594 corr.
534 3543 556 3591 Δ
572 3539 575 3608 l
592 3535 737 3591 distriacus
756 3543 784 3591 Ι
802 3535 955 3606 dysiriacos
974 3541 1021 3590 PB
