2416 3840
158 154 221 219 154
448 132 452 139 ’
591 96 730 208 immor

153 323 228 365 cum
259 300 385 384 patruis
417 304 474 364 aut
506 322 578 364 cum
611 300 753 364 filiorum
783 321 915 364 suorum
946 299 1075 384 patruis
1108 305 1166 366 aut

153 390 311 473 privignis
332 394 389 453 aut
408 389 577 470 adfinibus,
597 395 654 453 aut
672 389 753 453 duos
772 387 891 453 fratres
910 388 949 452 ad
968 410 1070 452 unam
1087 388 1165 455 lecti

154 477 322 542 libidinem
350 479 533 561 devocabit3
560 477 642 541 alias
671 499 747 542 vero
771 477 922 541 mulieres
946 477 1057 541 viriles
1084 477 1164 543 fecit

102 570 143 633 31
156 570 247 631 actus
270 572 430 650 appetere.
478 564 539 631 Sed
561 567 641 631 haec
667 570 744 630 tuno
767 565 885 630 fortius
908 564 1000 646 facit,
1030 566 1058 630 si
1088 588 1162 632 oum

154 654 246 719 Luna
270 656 334 719 ista
356 655 536 720 radiatione
564 654 737 720 coniuncta
763 654 798 718 in
821 655 955 738 tropicis
979 654 1084 739 siguis
1112 655 1164 721 vel
1186 680 1196 721 s

153 744 187 809 in
211 744 357 809 erraticis
381 745 432 809 vel
455 744 637 827 squamosis
661 743 712 808 vel
731 744 765 807 in
784 743 978 808 biformibus
998 744 1074 829 ista,
1098 766 1163 828 que

50 836 54 842 ’
154 833 278 914 [fuerit]
308 833 461 917 diximus,
491 833 591 896 fuerit
622 833 814 896 radiatione·
835 832 1026 916 composita
1072 831 1162 908 Quae

152 923 289 986 fortiora
317 926 350 985 et
378 921 620 986 vehementiora
646 925 755 1004 erunt,
787 920 815 984 si
843 921 889 985 sio
917 921 1044 1004 ambas,
1077 922 1163 987 idest

153 1008 279 1073 Lunam
298 1015 331 1074 et
350 1009 518 1091 Venerem,
542 1011 588 1075 sio
612 1014 649 1073 ut
672 1010 821 1090 diximus,
843 1010 968 1093 positas
991 1009 1044 1074 vel
1061 1032 1162 1077 unam

153 1099 191 1161 de
218 1099 343 1162 duabus
371 1097 459 1162 Mars
490 1103 546 1164 eut
575 1098 733 1163 Saturnus
767 1102 824 1163 aut
851 1096 902 1163 de'
917 1098 1077 1163 diametro
1110 1100 1194 1164 velo

152 1187 191 1249 de
216 1188 372 1269 quadrato
396 1186 535 1251 viderint
564 1192 621 1266 aut
648 1210 722 1252 cum
748 1209 814 1252 una
840 1187 986 1271 ipsarum
1013 1208 1098 1253 unus
1121 1188 1160 1253 de

152 1274 277 1339 duobus
300 1275 400 1339 fuerit
423 1276 610 1360 collocatus,
635 1276 685 1340 vel
709 1276 738 1339 si
761 1276 825 1340 ista
849 1276 1005 1341 societate
1029 1276 1160 1343 iunctae

151 1362 244 1427 Luna
267 1365 389 1447 pariter
408 1369 444 1429 et
463 1364 573 1428 Venus
597 1365 648 1429 vel
671 1365 736 1429 ista
757 1365 937 1429 radiatione
957 1365 1159 1449 compositae

152 1454 187 1517 in
210 1454 306 1517 domo
330 1453 447 1518 Martis
471 1453 521 1517 vel
546 1452 678 1518 Saturni
705 1454 828 1518 fuerint
851 1453 1032 1518 collocatae
1055 1454 1157 1519 velsi

151 1542 186 1606 in
200 1541 353 1608 Mercurii
373 1543 475 1627 siguis
494 1548 552 1607 aut
571 1543 668 1607 simul
681 1541 803 1606 fuerint
822 1547 879 1606 aut
896 1564 960 1607 una
978 1542 1017 1606 de
1033 1543 1156 1608 duabus
1169 1564 1190 1607 u

150 1631 185 1695 in
208 1630 360 1696 Mercurii
384 1633 478 1716 signo
502 1632 662 1697 collocata
685 1632 782 1695 aliam
805 1630 873 1714 tali,
897 1630 985 1715 quali
1009 1631 1158 1715 diximus,

99 1721 331 1786 32radiatione
354 1720 541 1804 respexerit.
583 1720 623 1785 In
645 1720 829 1803 vespertino
854 1724 927 1784 ortu
951 1718 1064 1784 Venus
1088 1742 1157 1785 con·

59 1820 62 1828 '
152 1809 280 1892 stituta,
318 1810 372 1874 sed
409 1814 568 1874 nocturna
604 1809 755 1894 genitura
790 1808 824 1873 in
859 1809 944 1873 bono
977 1809 1157 1873 constitute

106 1946 109 1953 .
151 1897 259 1981 signo,
292 1898 320 1962 si
351 1903 397 1962 se'
412 1898 511 1962 Marti
544 1920 700 1982 prospera
732 1897 911 1962 radiatione
944 1897 1156 1981 coniunxerit,

152 1987 237 2049 bone
264 1987 431 2051 felicitatis
464 1987 665 2051 incrementa
697 1987 854 2071 decernit3
887 1990 1040 2071 potentes
1069 1986 1188 2051 enims

151 2078 184 2137 et
207 2075 366 2159 gloriosas
389 2076 469 2140 facit
491 2079 670 2160 potestates
695 2080 728 2140 et
750 2075 912 2140 honorum
930 2075 1074 2140 maxima
1096 2075 1156 2139 lar·

151 2164 240 2246 gitur
263 2164 404 2249 insignia
432 2169 466 2228 et
493 2165 692 2247 locupletum
715 2163 909 2228 facultatum
937 2162 1069 2228 divitias
1093 2164 1155 2229 lar·

151 2251 249 2334 gitur.
296 2253 418 2329 Quodsi
444 2274 503 2337 per
530 2254 616 2318 diem
639 2252 738 2316 Marti
766 2275 799 2317 se
829 2274 1032 2336 quecumque
1056 2252 1155 2318 radia·

151 2339 238 2402 tione
267 2340 484 2423 coniunxerit,
512 2344 690 2406 multorum
718 2362 755 2405 ac
778 2363 972 2426 magnorum
995 2341 1155 2407 melorum

149 2427 329 2492 infortunia
352 2430 502 2494 decernit.
549 2429 675 2494 Gaudet
703 2430 787 2494 enim
814 2435 1038 2514 pernoctem,
1066 2430 1095 2495 si
1123 2450 1188 2495 ses

149 2513 260 2580 Lunae
275 2516 373 2580 Marti
387 2517 613 2602 Mercurioque
632 2518 845 2600 coniunxerit,
864 2522 898 2583 et
915 2523 994 2583 tunc
1006 2519 1155 2584 homines

150 2605 291 2669 maxima
309 2605 465 2671 felicitate
483 2608 646 2688 nobilitat,
669 2607 818 2691 quotiens
836 2607 871 2672 in
889 2611 1052 2672 nocturne
1070 2607 1156 2694 geni·

96 2695 139 2760 33
150 2698 224 2758 tura
249 2693 348 2758 fuerit
380 2717 454 2760 cum
481 2696 533 2760 his
566 2697 652 2760 boue
682 2697 862 2761 radiatione
895 2697 1077 2762 coniuncta
1122 2694 1156 2761 Si

149 2805 225 2848 vero
249 2807 321 2849 oum
346 2782 420 2849 Sole
443 2785 478 2848 in
501 2785 563 2850 hoc
586 2785 671 2870 loco,
699 2785 734 2848 in
757 2808 820 2869 quo
844 2784 1021 2869 loquimur,
1045 2784 1155 2851 Venus

104 2947 110 2991 Ι
148 2871 260 2956 luerit,
292 2873 542 2938 iniustissimam
570 2896 641 2938 eam
673 2873 742 2938 fore
775 2874 920 2939 omnium
947 2875 1189 2959 prudentium»

237 3083 458 3151 3deuocobunt‚
472 3100 541 3137 corr.
556 3102 574 3135 v
623 3083 683 3137 4si
698 3101 760 3137 oum
774 3084 809 3155 A]
824 3082 907 3137 simul
921 3100 985 3138 oum
1040 3084 1159 3139 'Ilirerit

148 3155 198 3209 del.
218 3160 241 3207 V
266 3157 269 3224 Ι
299 3154 429 3222 radiatio,
449 3159 558 3208 eorr.V
631 3159 663 3207 12
682 3154 788 3223 iuncta,
807 3171 910 3209 corre
983 3160 1017 3208 14
1036 3155 1159 3225 domum,

148 3243 216 3280 corr.
245 3244 264 3314 a
295 3229 299 3294 Ι
333 3224 476 3293 collocati,
503 3243 571 3279 corr.
594 3244 617 3315 'a
690 3232 722 3308 lo
750 3224 866 3279 mecurii
892 3231 914 3278 R
1006 3232 1040 3281 1e
1068 3226 1159 3309 signa,

147 3302 274 3422 {rat
292 3297 653 3440 lv⁰⁰¹¹⁰ll2l0⁰its³nl
669 3297 899 3437 emit.
919 3302 992 3420 r¹⁸
1011 3298 1062 3423 ll
1092 3316 1160 3426 ”M

148 3454 182 3561 gp)
200 3440 232 3560 p]
260 3442 341 3562 rpem.
365 3442 401 3564 ett
438 3515 461 3562 v
484 3444 517 3492 26
545 3438 624 3507 luno,
652 3456 720 3494 corr.
744 3459 761 3493 κ
852 3445 885 3493 28
907 3438 1003 3510 bouis,
1031 3456 1102 3497 corr.
1128 3440 1158 3497 A'

212 3524 271 3562 ueri
303 3525 421 3564 iuuene
747 3522 750 3527 '
