2416 3840
500 189 539 243 ΠΙ
551 195 577 260 4,
592 207 661 248 r—r.
1024 191 1088 257 115

79 334 156 402 cilio
193 357 251 399 suo
289 334 487 399 constitutus
523 336 574 400 vel
606 336 641 400 in
673 336 845 402 altitudine
878 359 937 402 sua
968 338 1020 402 vel
1052 339 1087 402 in

77 423 198 487 finibus
222 423 289 488 suis
308 423 469 508 trigonica
487 424 666 490 radiatione
685 425 864 510 respexerit
887 431 945 490 aut
966 426 994 491 si
1013 449 1086 492 cum

77 513 151 597 ipso
172 510 335 596 partiliter
357 512 471 598 fuerit,
498 514 584 577 mala
608 513 676 578 eius
705 536 743 578 ex
767 536 968 600 quacumque
993 519 1086 599 parte

77 601 280 686 mitigantur.
320 600 439 666 Sedet
463 623 524 686 ego
548 602 624 684 seio,
649 602 734 668 siout
756 603 905 686 plurimis
926 604 1086 688 genituris

50 716 69 757 s
78 690 201 773 inveni,
224 690 345 754 multos
368 689 475 754 Marte
497 690 533 754 in
554 691 736 774 horoscopo
761 692 941 757 const'tuto
964 693 1000 757 in
1023 693 1085 758 exi·

78 779 158 843 lium
178 779 272 843 datos
286 779 368 844 bene
388 784 421 844 et
440 782 570 844 strenue
585 780 811 845 administrare
829 802 898 845 rem
911 780 1086 865 publicam.

165 867 205 931 In
228 868 368 932 secundo
391 868 463 933 loco
487 867 576 933 Mars
605 869 645 933 ab
669 869 851 952 horoscopo
877 870 1116 954 constitutus,5

78 956 106 1022 si
134 979 192 1041 per
219 956 305 1020 diem
332 956 490 1022 hocloco
518 957 618 1022 fuerit
642 958 806 1040 inventus,
834 959 975 1023 maxima
999 958 1085 1022 mala

78 1050 112 1111 et
135 1066 254 1130 magna
277 1045 457 1111 infortunia
480 1046 631 1130 decernit,
653 1046 845 1131 praesertim
869 1048 897 1111 si
920 1047 955 1110 in
978 1051 1085 1111 matu-

36 1160 63 1201 ro
77 1134 146 1198 tino
167 1139 242 1198 ortu
260 1134 360 1199 fuerit
376 1135 595 1220 ›constitutus3
617 1136 715 1200 faciet
734 1135 820 1200 enim
839 1135 973 1200 alienari
992 1159 1012 1200 a
1029 1159 1084 1219 pe-

76 1224 224 1288 rentibus
253 1228 286 1287 et
309 1244 329 1287 a
351 1223 446 1289 domo
469 1246 528 1289 sua
556 1228 589 1288 et
616 1225 651 1289 in
672 1225 792 1289 finibus
821 1246 949 1309 semper
975 1247 1082 1289 errare

74 1311 263 1398 peregrinis.
310 1311 433 1388 Quodsi
463 1314 509 1379 sic
541 1313 648 1396 posito
681 1312 787 1377 Marte
821 1313 872 1377 vel
904 1335 978 1378 cum
1009 1314 1082 1397 ipso

76 1422 222 1466 crescens
250 1399 342 1465 Luna
368 1400 468 1464 fucrit
494 1403 546 1466 vel
574 1402 609 1465 in
636 1402 795 1466 diametro
823 1401 1003 1466 constituta
1030 1402 1080 1465 vel

76 1489 104 1553 si
133 1489 291 1573 quadrata
323 1511 356 1553 se
380 1489 558 1554 radiatione
592 1491 809 1576 coniunxerit,
843 1490 942 1554 faciet
969 1489 1081 1554 tardos

34 1603 60 1644 rs
76 1577 198 1642 debiles
226 1581 259 1641 et
287 1577 342 1661 qui
366 1577 499 1642 vulnera
527 1579 564 1641 de
587 1578 673 1642 ferro
699 1579 885 1663 frequenter
908 1578 1081 1663 accipiant3

76 1664 262 1729 debilitabit
290 1670 399 1730 autem
426 1688 445 1730 a
467 1665 589 1752 frigore
618 1671 674 1732 aut
700 1689 719 1732 a
743 1667 946 1752 quadrupede
969 1667 1081 1732 vulne-

75 1757 171 1817 ratos.
210 1753 374 1830 Quosdam
399 1757 507 1819 autem
530 1754 610 1820 facit
631 1760 728 1821 natos
747 1756 878 1841 exponi3
901 1755 983 1821 elios
1001 1755 1082 1821 fucit

75 1864 170 1925 saepe
190 1841 335 1925 captivos
354 1845 412 1906 aut
430 1865 469 1908 ex
486 1843 689 1929 ingenuitate
712 1844 752 1908 ad
772 1846 962 1909 servitutem
980 1844 1081 1928 trahi3

74 1935 169 1996 erunt
197 1933 306 1995 autem
334 1953 461 2016 semper
492 1932 528 1996 in
555 1937 648 1997 aestu
678 1933 778 1997 animi
808 1936 841 1997 et
869 1933 904 1996 in
931 1933 1080 1997 maximis

32 2047 59 2086 ro
72 2018 322 2085 necessitatibus
360 2020 539 2088 const'tuti.
588 2021 712 2097 Quodsi
748 2020 795 2086 sio
830 2021 939 2104 posito
972 2020 1078 2086 Marte

72 2108 219 2194 Iuppiter
252 2131 285 2174 se
317 2110 403 2175 bona
430 2109 609 2175 radiatione
640 2108 843 2175 coniunxerit
880 2110 1079 2174 constitutus

72 2199 142 2282 ipse
165 2199 216 2263 vel
239 2199 275 2261 in
297 2199 393 2263 domo
418 2221 477 2263 sua
499 2198 550 2263 vel
573 2199 608 2262 in
629 2199 749 2262 finibus
769 2198 845 2282 suis,
869 2220 908 2262 ex
927 2198 1078 2262 omnibus

71 2287 224 2370 periculis
248 2288 388 2352 evadunt
412 2292 445 2351 et
468 2310 487 2352 a
510 2288 701 2371 captivitate
723 2286 906 2351 liberantur
929 2288 978 2351 vel
997 2287 1078 2352 redi-

72 2380 206 2440 muntur
238 2380 271 2440 et
298 2397 337 2440 ex
368 2376 524 2441 servitute
552 2376 593 2440 ad
620 2377 807 2440 libertatem
834 2397 945 2440 rursus
975 2379 1078 2441 trans·

33 2488 58 2530 rs
72 2465 234 2547 feruntur3
258 2465 314 2529 sed
333 2487 379 2549 ea,
399 2487 481 2550 quae
499 2465 682 2530 necessaria
701 2468 778 2529 sunt
796 2464 892 2548 vitae,
914 2463 1078 2529 interdum

49 2582 52 2587 ¹
71 2575 137 2618 non
155 2553 329 2618 habebunt.
364 2553 399 2619 Si
417 2576 494 2619 vero
512 2577 570 2638 per
588 2558 718 2620 noctem
737 2553 783 2618 sic
799 2553 899 2618 fuerit
916 2554 1108 2637 inventus‚6

72 2642 193 2707 milites
211 2642 291 2707 fecit
309 2642 360 2707 vel
379 2643 530 2726 athletas,
553 2643 609 2707 sed
628 2648 661 2708 et
679 2642 767 2727 ipsos
791 2642 958 2708 consuevit
982 2642 1076 2707 facilc

71 2731 288 2815 periculorum
322 2731 565 2797 continuatione
595 2731 750 2815 decipere.
801 2730 932 2796 Adeunt
969 2734 1076 2794 autem

71 2819 170 2884 simili
194 2820 288 2884 modo
312 2819 463 2904 pericula,
487 2821 515 2884 si
537 2818 685 2904 Iuppiter
708 2823 741 2884 et
764 2818 889 2905 Venus,
917 2820 1001 2883 sicut
1026 2841 1077 2882 su·

30 2932 57 2973 ro
70 2908 180 2993 perius
205 2909 353 2992 diximus,
375 2908 461 2972 bona
483 2931 517 2973 se
541 2909 571 2973 ei
593 2907 774 2973 radiatione
798 2908 1032 2973 coniunxerint.

159 2996 199 3060 In
216 2997 313 3061 tertio
331 2996 404 3061 loco
422 2995 510 3061 Mars
534 2997 573 3061 ab
596 2996 779 3082 horoscopo
803 2995 1001 3062 constitutus
1025 2995 1105 3059 del

71 3085 175 3152 cernit
190 3083 317 3170 quidem
333 3084 481 3171 gloriam,
496 3086 551 3150 sed
564 3086 757 3150 cumlabore
768 3085 920 3150 maximo.
942 3083 1076 3147 Alienus

158 3338 175 3385 4
189 3330 356 3421 mitigantur
365 3330 408 3402 A‘]
422 3333 568 3384 mutuatur
579 3332 734 3400 (mutantur
743 3334 807 3395 122,
817 3333 851 3398 14)
869 3329 873 3402 Ι
889 3332 918 3383 et
932 3346 981 3383 om.
992 3327 1054 3381 Μ’
1069 3329 1073 3400 Ι

69 3401 156 3472 sicut]
181 3405 255 3455 etA
317 3401 568 3474 ·14siA‘]sic
657 3408 689 3456 15
709 3402 869 3470 frequenter
892 3400 926 3453 de
951 3399 1030 3456 ferro,
1047 3406 1074 3452 Ι

69 3478 103 3527 16
123 3472 169 3526 uel
186 3472 265 3526 Μ’
316 3479 349 3526 21
368 3472 606 3528 radiatiotionel’
673 3479 707 3527 28
727 3473 845 3525 aderunt
863 3470 893 3524 A'
957 3477 991 3526 30
1010 3488 1075 3526 con-

68 3543 193 3598 iunxerit
209 3550 286 3597 m

879 3632 915 3686 8*
