2416 3840
129 162 172 226 94
564 161 702 216 FIRMICI

128 307 214 372 enirn
243 307 370 371 duobus
398 307 572 392 generibus
600 305 835 391 apocatastasis
863 307 896 371 id
922 311 972 371 est
999 307 1140 373 redinte-

128 396 237 481 gratio
260 396 332 460 fieri
356 395 532 460 consuevit.
574 395 664 461 Tunc
687 416 765 480 ergo
789 395 992 460 exustionem
1014 395 1140 463 diluvio

127 484 160 549 id
189 488 239 548 est
267 483 401 569 pyrosin
428 484 645 568 cataclysmus
673 483 834 569 sequitur;
866 485 956 548 nulla
987 485 1075 550 enim
1102 507 1140 550 rc

126 573 195 653 [ab]
216 572 282 637 alia
300 576 432 637 exustae
451 595 503 637 res
522 577 675 656 poterant
698 572 823 638 renasci
845 595 906 638 nec
926 573 993 637 ulla
1011 595 1046 637 re
1070 573 1138 641 alia

126 661 166 725 ad
188 661 361 746 pristinam
384 662 501 725 faciem
524 660 725 746 formamque
749 662 904 747 revocari,
925 662 990 729 nisi
1012 662 1136 727 admix-
1163 692 1177 733 a

125 750 213 815 tione
233 772 336 834 aquae
355 753 525 815 concretus
548 749 654 834 pulvis
675 750 862 815 favillarum
881 751 1027 816 omnium
1045 751 1136 836 geni·
1173 783 1176 789 ·

125 838 241 903 talium
274 839 433 904 seminum
466 838 635 904 collectam
674 840 858 924 conceperit
893 838 1135 905 fecunditatem.

73 931 115 995 10
127 927 189 993 Sed
208 931 246 992 ut
264 931 358 1009 esset,
384 929 468 1012 quod
488 927 710 992 mathematici
732 928 768 991 in
786 928 946 1012 genituris
964 927 1136 995 hominum

125 1019 336 1100 sequerentur
368 1016 564 1100 exemplum,
600 1015 672 1081 ideo
704 1015 788 1081 hanc
822 1017 915 1100 quasi
948 1015 1136 1102 genituram

124 1104 236 1169 mundi
263 1104 363 1169 divini
389 1105 453 1169 viri
480 1106 633 1189 prudenti
659 1104 787 1169 ratione
817 1106 989 1170 finxerunt.
1035 1105 1134 1171 Libet
1148 1133 1175 1174 ro

122 1194 233 1276 itaqua
270 1193 397 1258 divinae
434 1194 529 1258 istius
566 1193 813 1278 compositionis
850 1194 1010 1278 explicare
1047 1216 1134 1261 com·

123 1285 245 1365 menta,
274 1285 311 1346 ut
340 1283 542 1348 coniecturae
570 1283 666 1347 istius
694 1282 898 1347 admirabilis
921 1282 1006 1348 ratio
1030 1284 1134 1369 magi·

70 1376 109 1440 ll
123 1371 216 1436 sterii
239 1370 347 1435 studio
374 1372 543 1454 pandatur.
587 1371 772 1437 Voluerunt
794 1370 922 1436 Lunam
944 1371 1035 1455 (ita)
1058 1394 1133 1438 con-

122 1460 271 1544 stituere,
308 1463 345 1524 ut
375 1460 517 1545 primum
550 1483 584 1525 se
618 1458 759 1526 Saturno
793 1460 1005 1546 coniungeret
1037 1460 1148 1544 eique

120 1555 305 1633 temporum
332 1549 475 1614 traderet
503 1550 735 1634 principatum,
767 1571 825 1615 nec
852 1549 1018 1630 inmerit03
1052 1549 1129 1634 qnia
1143 1577 1168 1618 rs

119 1638 206 1702 enim
234 1638 340 1721 prima
368 1638 460 1722 origo
489 1637 601 1703 mundi
631 1639 755 1703 inculta
780 1638 845 1702 fuit
872 1642 906 1703 et
933 1638 1066 1703 horrida
1094 1643 1128 1703 et

119 1727 242 1812 agresti
270 1726 515 1791 conversatione
543 1727 653 1810 effera,
687 1731 720 1791 et
753 1728 829 1811 quia
855 1727 951 1792 rudes
978 1726 1129 1792 homines

118 1815 225 1900 prima
253 1819 286 1878 et
313 1814 481 1899 incognita
508 1813 573 1880 sibi
599 1815 739 1901 vestigia
766 1816 848 1880 lucis
875 1815 1041 1900 ingressos
1073 1838 1129 1900 po-

119 1904 197 1968 litae
220 1903 434 1968 humanitatis
457 1905 541 1970 ratio
565 1905 744 1988 deserebat,
766 1902 900 1970 Saturni
916 1904 979 1968 hoc
997 1908 1127 1989 agreste

120 1998 153 2057 et
171 1992 339 2057 horridum
359 1997 486 2077 tempus
504 2015 574 2058 esse
593 1994 774 2076 voluerunt,
791 1997 830 2056 ut
849 1993 889 2057 ad
907 1992 1127 2058 imitationem
1139 2021 1166 2061 so

117 2081 215 2145 huius
243 2081 357 2147 sideris
385 2081 460 2165 <in>
487 2081 590 2148 initiis
617 2082 704 2146 vitae
732 2080 912 2146 constituta
940 2082 1125 2147 mortalitas

120 2171 242 2254 agresti
275 2192 309 2235 se
342 2169 585 2236 conversatione
622 2175 655 2234 et
687 2169 864 2235 inhumana
894 2169 1037 2235 feritatis
1075 2193 1126 2236 ex·

67 2258 321 2341 12asperatione
345 2260 483 2324 duraret.
527 2258 608 2324 Post
631 2257 808 2324 Saturnum
830 2257 976 2343 Iuppiter
999 2259 1126 2344 accepit

118 2351 303 2431 temporum
331 2350 527 2430 potestatem
556 2344 646 2434 (narn
673 2348 748 2412 huic
772 2349 912 2414 secundo
935 2348 1008 2413 loco
1032 2347 1126 2414 Luna

117 2432 354 2522 coniungitur),
382 2440 419 2500 ut
442 2436 570 2500 deserto
592 2436 724 2521 pristini
747 2437 908 2521 squaloris
930 2437 1067 2502 horrore
1090 2442 1124 2502 et
1137 2464 1163 2506 aa

117 2524 256 2609 agrestis
284 2524 540 2589 conversationis
567 2524 697 2589 feritate
728 2526 872 2610 seposita
903 2524 1022 2590 cultior
1053 2525 1125 2591 vita

115 2612 284 2677 hominum
312 2613 461 2698 purgatis
489 2613 635 2678 moribus
663 2614 858 2678 redderetur.
904 2613 1016 2679 Tertio
1046 2635 1123 2681 vero

115 2702 187 2767 loco
211 2700 310 2766 Marti
334 2724 368 2766 se
388 2701 481 2767 Luna
504 2703 703 2788 coniungens
727 2703 757 2767 ei
779 2708 963 2787 temporum
986 2703 1124 2768 tradidit

114 2794 328 2877 potestatem,
354 2796 391 2856 ut
414 2795 539 2857 rectum
562 2791 648 2856 vitae
676 2792 739 2856 iter
765 2791 914 2877 ingressa
937 2791 1122 2857 mortalitas

114 2884 148 2944 et
179 2879 245 2944 iam
275 2880 490 2946 humanitatis
524 2881 664 2964 quadam
691 2881 912 2946 moderatione
942 2881 1163 2965 compositam

203 3054 409 3124 lapocastasis
426 3061 454 3108 Π
525 3054 662 3109 adiluuii
681 3061 701 3108 Ρ
720 3053 856 3108 diluvium
873 3054 903 3107 A'
972 3055 1122 3125 prrosin

114 3125 189 3197 stul]
204 3125 295 3194 cyrosi
308 3126 350 3180 ita
365 3129 370 3196 Ι
387 3125 550 3180 cataclimus
564 3132 592 3179 M
610 3125 807 3181 cathaclismus
821 3132 869 3179 Π
883 3125 1123 3196 cathaclysmusB

114 3198 199 3252 ldel.
218 3196 249 3249 A'
328 3204 359 3251 11
379 3196 596 3266 computationis
615 3219 632 3252 κ
713 3203 746 3250 12
765 3197 972 3266 coniuncturae¹
990 3214 1059 3253 corr.
1078 3218 1097 3252 κ

113 3267 194 3322 istius
213 3267 422 3338 compositionis
441 3274 469 3321 Ι
518 3274 551 3322 13
565 3267 698 3338 panditur
711 3269 843 3342 1⁸ladd.
858 3290 875 3323 κ
928 3274 962 3322 14
975 3267 1058 3337 eique
1071 3286 1111 3325 κο

114 3376 233 3442 atquae
287 3379 319 3429 17
339 3377 452 3446 agresta
469 3380 504 3427 1²²
558 3380 590 3430 18
609 3374 727 3445 positae,
745 3391 813 3430 corr.
832 3392 871 3430 κσ
933 3380 967 3430 20
986 3377 1017 3430 et
1032 3374 1122 3432 horri-

114 3444 180 3498 dum
198 3462 248 3500 om.
267 3452 295 3499 11
384 3453 416 3500 21
437 3444 542 3500 sederis
560 3452 622 3499 Μ
655 3448 659 3519 l
693 3447 723 3500 in
741 3447 805 3502 odd.
825 3467 842 3501 κ
875 3448 880 3517 Ι
913 3445 1073 3503 mortalitas
1091 3448 1122 3521 a]

113 3515 235 3583 qualitas
325 3524 359 3571 26
378 3517 604 3573 conuersationes
623 3524 658 3571 1³⁸
729 3523 762 3573 28
780 3517 913 3588 traderet,
928 3534 1000 3573 corr.
1019 3523 1043 3571 Δ
