2416 3840
487 162 490 168 ’
514 172 553 228 ΠΙ
566 180 592 244 θ,
607 188 703 231 ro-re.
1048 174 1112 241 147

194 318 232 382 In
260 318 398 402 septimo
421 318 493 385 loeo
515 317 627 384 Venus
654 320 695 384 ab
723 320 905 406 horoscopo
934 320 1113 387 eonstituta
1124 320 1167 389 14

103 407 130 472 si
158 407 192 471 in
220 427 278 472 suo
307 407 401 493 signo
433 430 490 490 per
517 413 648 472 noctem
680 408 779 473 fuerit
805 410 951 495 inventa,
983 410 1111 476 felioem

101 495 207 561 reddit
240 500 454 579 senectutem,
487 497 611 561 tardius
646 502 755 562 autem
789 498 880 562 dabit
911 520 1046 565 uxorem
1077 503 1113 564 et

102 585 234 649 difficile
258 584 343 649 filios
367 585 511 650 decernit
535 585 591 669 eis,
615 586 671 670 qui
695 586 741 651 sio
759 585 933 651 habuerint
953 586 1111 653 Venerem

75 673 252 759 apositam.
289 672 403 738 Faciet
426 675 596 762 autemde
616 674 712 739 rebus
734 675 872 741 veneriis
896 676 1045 741 maximis
1062 677 1111 742 in-

102 762 211 826 samiis
243 762 433 827 laborantes
465 762 640 828 seeundum
672 767 822 828 naturam
857 763 1110 849 qualitatemque

102 851 196 937 signi.
235 848 270 915 Si
293 851 379 914 enim
402 850 488 916 hune
507 852 614 916 locum
634 853 776 917 tenuerit
798 853 832 917 in
851 853 987 938 tropiois
1007 852 1110 938 signis

102 940 283 1005 constituta
309 940 361 1003 vel
385 940 567 1023 squamosis
594 940 645 1005 vel
674 940 760 1026 [aut]
786 942 948 1027 erratiois,
976 946 1009 1007 et
1036 962 1109 1007 oum

102 1050 140 1093 ea
163 1029 252 1092 Mars
275 1026 376 1092 fuerit
398 1033 455 1092 aut
479 1050 512 1093 se
531 1028 582 1093 illi
604 1051 662 1114 per
681 1030 876 1095 diametrum
899 1034 956 1095 aut
974 1031 1012 1096 de
1032 1052 1108 1115 qua·

61 1143 87 1184 ro
101 1118 194 1182 drato
217 1116 297 1181 forti
320 1117 501 1182 radiatione
525 1118 743 1202 coniunxerit,
770 1118 850 1184 feeit
872 1119 1007 1203 inpuros
1033 1120 1109 1185 libi-

101 1206 233 1271 dinosos
269 1204 417 1270 infames.
462 1204 496 1270 Si
528 1228 603 1271 vero
641 1208 687 1273 sio
719 1209 862 1291 positam
898 1230 972 1285 eum
1003 1208 1108 1273 Marte
1120 1210 1162 1277 15

96 1293 259 1360 Venerem
291 1293 326 1358 in
358 1293 424 1379 his,
456 1295 490 1358 in
523 1294 639 1379 quibus
673 1295 826 1376 diximus,
863 1297 965 1382 signis
998 1298 1108 1381 aliqua

101 1382 261 1448 Saturnus
281 1382 462 1448 radiatione
486 1385 678 1468 respexerit,
703 1385 789 1449 idest
814 1390 870 1449 aut
893 1405 951 1468 per
975 1387 1108 1470 quadra·

100 1477 171 1537 tum
195 1476 252 1536 aut
274 1494 333 1555 per
356 1471 550 1536 diametrum
579 1472 753 1538 autsimul
777 1474 918 1556 positus,
946 1474 1107 1558 mulieres,

60 1585 87 1628 re
102 1582 183 1644 quae
206 1561 252 1625 sio
271 1560 446 1625 habuerint
463 1551 624 1625 Venerem
648 1585 721 1626 cum
741 1563 802 1626 bae
822 1562 990 1626 stellarum
1009 1564 1108 1627 socie·

101 1653 178 1731 tate,
200 1649 316 1733 inpure
339 1653 373 1713 et
397 1649 547 1733 inpudice
572 1672 645 1714 eum
664 1651 855 1715 mulieribus
878 1651 1013 1716 eoibunt
1033 1651 1107 1715 libi-

101 1739 185 1803 dinis
205 1739 310 1802 causa.
344 1736 405 1802 Sed
424 1737 504 1803 haee
522 1739 604 1802 vitia
622 1743 716 1804 erunt
734 1738 879 1822 fortiora,
899 1738 926 1803 si
943 1739 979 1803 in
997 1737 1106 1823 Capri·
1154 1800 1159 1817 ,

101 1848 199 1892 corno
213 1826 265 1891 vel
278 1826 390 1891 Ariete
405 1825 485 1892 haee
505 1849 538 1891 se
554 1827 724 1892 stellarum
738 1829 880 1894 mixtura
895 1828 1106 1894 coniunxerit.

188 1915 228 1980 ln
251 1919 366 1981 oetaeo
384 1915 456 1981 loeo
476 1914 587 1980 Venus
610 1917 651 1980 ab
670 1916 851 2001 horoscopo
876 1918 1055 1982 constituta
1078 1918 1106 1982 si
1118 1920 1159 1986 16

59 2030 86 2070 ro
100 2003 208 2088 fuerit,
231 2005 266 2069 in
284 2005 400 2068 diurna
419 2003 544 2070 seilicet
562 2005 722 2091 genitura,
745 2005 835 2070 tarde
854 2004 946 2070 dabit
964 2027 1106 2091 uxorem,

100 2098 134 2157 et
157 2114 229 2157 eum
253 2093 387 2177 dederit,
409 2093 501 2157 dabit
524 2097 580 2157 aut
603 2094 794 2179 degenerem
817 2099 875 2158 aut
897 2094 1025 2159 viduam
1050 2099 1107 2161 aut
1160 2118 1161 2123 ¹

102 2181 245 2246 sterilem
264 2186 321 2246 aut
340 2181 433 2267 gravi
451 2181 607 2247 foeditate
626 2182 812 2247 deformem.
850 2180 911 2247 Sed
931 2188 964 2247 et
982 2184 1010 2248 si
1024 2182 1107 2249 Mer·

101 2268 208 2334 aurius
228 2291 301 2335 eum
310 2292 354 2334 ea
367 2270 466 2355 fuerit
481 2270 557 2356 <et>
572 2271 668 2335 simul
683 2292 756 2337 oum
769 2269 930 2337 Mercurio
945 2270 1106 2338 Venerem

100 2357 136 2422 in
153 2358 214 2423 hoe
233 2358 305 2424 loeo
324 2360 465 2443 positam
488 2359 642 2425 malivola
660 2361 756 2426 stella
773 2361 952 2445 respexerit
973 2361 1024 2426 vel
1048 2383 1106 2446 per
1137 2412 1139 2417 .

57 2472 84 2513 rs
99 2447 291 2532 quadratum
315 2448 366 2512 vel
385 2470 443 2532 per
461 2447 662 2513 diametrum
677 2449 728 2514 vel
752 2448 780 2514 si
800 2471 873 2515 oum
890 2451 970 2534 ipsis
990 2451 1025 2515 in
1043 2450 1106 2516 hoe

98 2536 170 2602 loeo
188 2536 289 2601 fuerit
310 2535 450 2621 inventa,
473 2559 567 2602 omne
587 2538 665 2624 eius,
689 2538 744 2622 qui
763 2543 859 2602 natus
877 2538 985 2624 fuerit,
1007 2541 1106 2624 patri-

98 2626 242 2690 monium
266 2626 443 2709 dissipatur
465 2626 516 2690 vel
540 2626 766 2711 qualicumque
788 2629 1025 2712 proscriptione
1049 2651 1106 2692 nu·

98 2714 201 2778 datur.
240 2713 329 2778 Mors
343 2736 419 2778 vero
438 2714 488 2779 illi
506 2737 564 2798 per
578 2737 802 2801 gonorroeam,
821 2716 904 2780 idest
918 2739 976 2801 per
990 2717 1106 2782 defluo·

98 2803 221 2866 tionem
245 2801 392 2885 seminis,
415 2806 473 2867 ant
496 2805 754 2869 contractionem
778 2809 835 2870 aut
856 2826 914 2888 per
938 2827 1105 2889 spasmum

55 2895 155 2958 roaut
183 2913 241 2974 per
268 2890 439 2975 apoplexin
467 2891 616 2958 infertur.
663 2890 697 2956 Si
724 2915 801 2958 vero
828 2916 886 2977 per
913 2899 1042 2958 noctem
1070 2893 1106 2957 in

186 3052 202 3100 ὅ
222 3045 331 3101 ueneris
349 3053 429 3100 lm
519 3053 534 3102 6
554 3047 776 3122 pquitatemque,
795 3066 862 3104 corr,
882 3068 900 3102 v
991 3052 1106 3102 ltenu·

97 3117 178 3186 erint,
198 3134 265 3173 corr.
281 3116 310 3170 A‘
366 3122 557 3175 saut-om]
613 3125 644 3173 11
664 3136 746 3175 mere.
762 3122 929 3190 (esaim
985 3125 1017 3172 12
1038 3118 1103 3188 alia,

96 3206 164 3245 corr.
183 3210 200 3243 κ
273 3193 306 3242 15
325 3190 409 3262 quae]
428 3189 477 3259 qui
500 3192 504 3258 Ι
526 3189 599 3258 hano
617 3194 645 3244 1
717 3196 749 3245 16
768 3208 807 3245 aa
823 3190 950 3260 impurae
969 3192 998 3244 et
1015 3189 1105 3260 impu-

97 3261 368 3331 dicissimum}
432 3265 465 3314 18
484 3260 530 3314 uel
548 3259 684 3330 inulas
721 3269 821 3317 asrmt
839 3262 939 3332 ἀσελγῆ
959 3262 1105 3317 Marianus

97 3337 161 3398 108,
175 3345 201 3382 ar
215 3331 249 3387 L.
268 3333 303 3399 rs.
323 3332 368 3386 VI
379 3333 400 3399 s.
415 3330 535 3385 LXXV
546 3334 643 3387 edin.
687 3335 726 3388 II
735 3334 756 3400 s.
771 3333 936 3388 Kornos
990 3339 1024 3386 ‘20
1043 3332 1104 3386 din-

96 3405 220 3456 suman
236 3406 240 3470 Ι
256 3402 390 3472 tardabit,
404 3420 471 3458 corr.
487 3401 516 3455 A'
572 3408 605 3457 28
620 3405 650 3458 et
663 3405 727 3459 add.
742 3424 759 3456 a
813 3409 848 3457 24
861 3403 1024 3458 maliuolum
1037 3404 1103 3478 PR}

97 3473 246 3528 stellam?
314 3479 348 3527 28
366 3489 465 3544 mores,
483 3490 550 3528 corr.
570 3472 599 3527 A'
617 3476 621 3546 l
638 3474 863 3530 defluxionemv
924 3482 958 3530 29
976 3492 1104 3547 pasmum

97 3549 151 3598 lv
205 3550 241 3600 80
256 3544 389 3615 poplexin
406 3551 428 3597 V
445 3548 449 3616 Ι
464 3544 571 3616 feritur,
589 3561 692 3601 corno

864 3628 867 3638 '
892 3638 943 3691 ιο*
