2408 3840
459 214 537 283 mo,
552 221 643 283 s-1o‚
659 230 678 269 s.
1006 217 1067 278 171

56 381 120 425 nus
145 360 185 423 ab
208 361 390 443 horoscopo
413 359 577 442 partiliter
601 359 771 424 constituti
792 361 868 444 quid
886 360 1070 443 decernant,

57 453 171 514 sextus
194 449 363 534 geniturae
386 448 478 512 locus
502 447 707 512 manifestius
731 449 913 532 explicavit.

239 677 279 743 X.
308 676 568 745 MERCURIUS
591 679 648 744 ET
671 677 888 744 IUPPITER.

146 803 326 868 Mercurius
351 826 424 868 cum
444 803 520 867 Iove
543 802 708 887 partiliter
731 804 766 867 in
787 804 969 887 horoscopo
994 808 1097 869 con-l

27 893 194 958 nstitutus
217 893 252 956 in
275 893 389 956 diurna
413 893 562 978 genitura
589 892 689 956 faciet
712 892 816 957 claros
840 897 873 957 et
897 893 1068 977 gloriosos,

56 981 245 1046 civitatibus
269 981 474 1065 praepositos
499 985 556 1045 aut
579 981 792 1045 maximarum
818 981 989 1047 civitatum
1014 982 1068 1045 de-

56 1092 127 1135 cem
149 1070 281 1154 primos,
304 1071 459 1134 iuridicos
478 1073 511 1133 et
530 1070 586 1153 qui
604 1070 780 1153 provinciis
800 1075 857 1134 aut
876 1070 1066 1134 civitatibus

55 1159 128 1222 iura
150 1158 334 1241 restituant,
358 1160 414 1223 sed
433 1159 488 1243 qui
509 1157 604 1222 iustis
624 1180 752 1242 semper
770 1160 933 1245 gaudeant
952 1160 1067 1223 causis

57 1245 191 1312 sivero
214 1270 272 1331 per
293 1252 424 1312 noctem
448 1248 494 1311 sic
522 1247 644 1311 fuerint
671 1248 809 1331 inventi,
837 1253 1066 1332 procuratores

15 1363 42 1402 ro
56 1340 113 1401 aut
136 1341 262 1401 actores
287 1341 344 1401 aut
369 1336 577 1421 negotiorum
600 1336 820 1420 praepositos,
849 1337 905 1400 sed
933 1358 1069 1421 magno-

55 1448 130 1489 rum
160 1430 217 1490 aut
246 1426 431 1508 potentium
460 1425 605 1489 virorum
632 1424 795 1488 interdum
825 1425 906 1488 facit
934 1425 1068 1508 scribas,

56 1514 239 1578 rationibus
263 1514 383 1578 mensis
413 1513 579 1596 apothecis
607 1513 949 1597 negotiationibusque
977 1536 1068 1597 prae-

56 1604 195 1687 positoS,
215 1607 348 1687 argutos
368 1624 454 1684 vero,
471 1601 659 1686 ingeniosos
679 1605 712 1665 et
731 1603 848 1685 quibus
868 1624 906 1665 ex
923 1602 1067 1666 bonitate

55 1692 180 1777 ingenii
202 1690 343 1754 felicitas
367 1691 508 1754 maxima
532 1689 726 1754 conferatur.

15 1804 64 1845 15·
145 1778 184 1842 In
208 1780 347 1843 seeundo
374 1779 447 1842 loco
471 1778 650 1843 Mercurius
675 1783 708 1843 et
731 1779 879 1863 luppiter
903 1779 1098 1864 partiliter2

57 1868 98 1930 ab
130 1867 313 1950 horoscopo
346 1868 517 1931 constituti
549 1868 585 1930 in
615 1868 731 1931 diurna
763 1869 915 1954 genitura
945 1867 1067 1932 facient

56 1956 191 2020 heredes
215 1957 312 2020 alieni
339 1956 541 2040 patrimonii,
572 1958 613 2020 ab
642 1958 804 2021 extraneis
833 1959 1005 2040 adoptatos
1034 1962 1067 2021 et

56 2043 341 2109 fundamentorum
369 2046 547 2109 multorum
575 2048 608 2108 et
636 2045 857 2128 depositarum
887 2047 1067 2129 specierum

57 2134 205 2197 dominos
229 2135 403 2217 atquibus
431 2155 585 2217 processu
613 2134 769 2217 temporis
799 2138 975 2219 augmenta
999 2135 1068 2198 feli-

15 2223 176 2288 socitatis'
196 2223 338 2286 maxima
366 2223 582 2288 conferantur.
629 2220 664 2287 Si
691 2245 767 2287 vero
791 2246 849 2306 per
875 2227 1006 2287 noctem
1033 2224 1069 2287 in

55 2311 119 2376 hoc
141 2312 213 2376 loco
232 2312 396 2396 partiliter
414 2312 536 2376 fuerint
554 2312 686 2395 inventi,
710 2312 876 2376 stultiores
895 2311 1016 2377 facient
1035 2316 1068 2376 et

57 2400 175 2485 quibus
198 2423 264 2464 non
288 2402 332 2465 sit
354 2408 511 2486 perpetua
534 2400 675 2465 felicitas
694 2405 728 2464 et
746 2423 828 2485 quos
847 2401 934 2465 vitae
954 2423 1067 2466 cursus
1114 2404 1115 2407 ’

18 2532 21 2541 =
57 2489 248 2573 saepissima
270 2490 396 2554 ratione
420 2489 568 2573 decipiat.

146 2577 184 2641 In
211 2579 310 2643 tertio
338 2579 409 2644 loco
438 2580 479 2643 ab
507 2579 689 2661 horoscopo
714 2577 861 2662 luppiter
889 2582 921 2642 et
943 2577 1099 2643 Mercu-3

14 2691 42 2732 ιε
57 2665 124 2731 rius
148 2667 310 2750 partiliter
334 2666 506 2732 constituti
528 2688 642 2752 magos
664 2666 794 2751 facient,
822 2667 878 2732 sed
900 2667 1067 2751 praeclara

57 2777 184 2839 semper
213 2757 362 2820 bonitate
391 2756 566 2841 pollentes,
599 2756 816 2840 hymnologos
845 2760 902 2819 aut
933 2756 1066 2820 deorum

56 2843 185 2909 baiulos
209 2851 266 2908 aut
290 2846 439 2910 custodes
468 2845 666 2928 templorum
694 2847 751 2908 aut
774 2844 830 2928 qui
853 2844 1067 2929 religionibus

17 2968 20 2978 ·
56 2933 207 2998 homines
229 2933 361 2999 initient
385 2939 417 2998 et
441 2937 630 2999 consecrent
653 2936 686 2997 et
710 2933 765 3016 qui
788 2933 922 2996 deorum
941 2934 1068 2997 monitu

147 3150 161 3196 1
181 3144 321 3210 decernat,
340 3161 407 3197 corr.
427 3142 457 3195 A'
553 3149 569 3195 3
589 3144 719 3196 saturnus
743 3145 772 3195 et
794 3142 946 3195 mercurius
965 3148 1013 3194 PB
1032 3143 1067 3196 de

56 3214 252 3269 coniunctione
271 3213 401 3268 mercurii
420 3217 450 3267 et
467 3213 539 3267 iouis
553 3219 576 3266 V
645 3219 717 3267 5oa
755 3212 885 3267 loriosis?
957 3219 1028 3267 dau
1044 3219 1067 3266 V

57 3285 63 3358 Ι
84 3289 135 3339 aut
151 3318 185 3325 -
201 3292 234 3339 10
248 3285 421 3355 praepositos
440 3287 536 3354 repetit
553 3291 575 3336 Β
640 3291 654 3338 7
674 3232 808 3338 uiridicos
826 3290 846 3337 P
863 3285 866 3352 Ι
882 3283 1012 3353 prouitiis
1030 3291 1069 3337 ΒΕ*

51 3358 147 3426 priore
161 3359 217 3411 loco
289 3356 419 3411 8uiraP
435 3358 439 3426 l
455 3355 539 3409 iussis
555 3361 634 3408 HPR
649 3373 694 3424 pr.
709 3357 726 3409 l.
741 3360 764 3407 V
780 3357 784 3425 l
800 3355 934 3425 gaudent,
953 3373 1020 3410 corr.
1036 3355 1066 3408 A'

56 3432 91 3482 10
115 3431 165 3482 aut
188 3431 295 3482 actores
319 3444 368 3482 om.
388 3434 411 3479 Β
426 3445 470 3496 pr.
490 3429 507 3482 l.
600 3433 631 3479 11
652 3443 685 3479 ac
707 3425 737 3478 A'
834 3431 867 3479 15
887 3429 915 3480 et
937 3426 980 3498 A']
1005 3445 1068 3480 eum

57 3498 200 3567 resociet,
219 3516 286 3553 corr.
302 3498 331 3551 A'
392 3505 426 3554 18
440 3498 600 3568 multarum,
620 3513 687 3574 corr.
702 3496 732 3549 A'
794 3503 828 3551 20
845 3497 968 3552 maxima
981 3515 1032 3553 om.
1047 3504 1068 3551 P

56 3575 90 3624 21
110 3570 250 3637 stultores,
268 3588 335 3626 corr.
355 3570 384 3623 A‘
