2416 3840
23 115 25 118 ’
114 161 158 226 34
546 158 685 214 nmmos

114 328 177 392 que
201 310 234 371 et
257 305 410 389 quicquid
432 304 588 369 illudt
538 308 588 370 est
592 346 602 388 ,
624 304 711 389 quod
733 305 773 368 ad
796 304 956 369 humanae
978 304 1124 369 nationis

115 394 394 462 conversationem
410 395 563 478 pertinet,
539 394 698 458 tfatalis
717 393 922 459 necessitatis
941 393 1125 458 inevitabili

71 482 279 584 3sententia
301 481 468 547 contineri.
504 445 664 547 Cedamus
687 482 797 566 itaque
821 483 883 546 fide
901 480 1050 546 tentatis
1070 502 1126 566 op

113 570 219 657 pressi
251 577 285 636 et
317 572 417 636 confit
403 576 530 636 teamur
566 593 661 635 verae
697 571 835 635 rationis
868 571 971 635 secuti
1003 569 1126 636 iudicia

113 661 232 725 nihil
223 684 257 725 ιιι
279 665 356 724 nost
357 682 407 742 ra,
437 661 535 725 sedt
521 661 666 725 t'otum
657 683 688 724 ιιι
714 659 858 724 fatorum
880 682 950 724 esse
978 660 1125 743 positum
1154 689 1167 730 s

112 752 286 835 potestate,
309 752 354 833 ut,
373 711 526 834 qiricquid
544 749 596 813 rel
614 748 752 813 facimus
770 748 897 813 velt
840 753 897 832 pat
898 749 993 832 imur,
1005 751 1126 826 totum

111 839 176 904 hoc
197 839 361 903 Fortunae
384 839 479 902 nobis
503 836 623 902 iudicio
648 837 840 903 conferatur.

596 1013 636 1078 X.

84 1147 101 1208 1
200 1137 383 1222 Explicatis
406 1139 458 1202 his
482 1140 632 1203 omnibus
656 1144 753 1222 atque
777 1138 937 1221 tractatis,
962 1160 1043 1223 quae
1061 1137 1125 1203 fati

112 1229 180 1292 vim
207 1227 438 1311 stellarumque
466 1228 707 1292 decernentium
733 1227 822 1312 leges
855 1249 950 1291 verae
982 1228 1121 1292 rationis
1137 1259 1166 1298 ιο

110 1315 330 1402 disputatione
349 1320 582 1399 monstrarunt,
600 1315 641 1380 ad
659 1316 750 1381 illam
769 1316 1002 1400 quaestionem,
1021 1337 1122 1400 quam

110 1405 146 1471 in
162 1405 269 1490 prima
287 1405 383 1470 istius
402 1404 559 1469 orationis
579 1404 770 1488 reliquimus
792 1408 893 1489 parte,
912 1409 1123 1492 revertamur,

111 1494 149 1558 de
173 1495 336 1559 coloribus
359 1494 485 1560 scilicet
507 1494 676 1558 hominum
704 1516 741 1558 ac
764 1494 924 1577 moribus,
953 1498 991 1558 ut
1018 1494 1122 1560 omni·

110 1582 227 1648 fariam
248 1581 313 1646 ista
340 1581 529 1667 quaestione
557 1585 697 1666 purgata
724 1581 830 1647 securi
853 1586 886 1647 et
912 1581 1119 1650 constantiae

110 1670 307 1737 confidentia
324 1670 471 1736 roborati
484 1675 592 1735 totum
605 1670 677 1755 tibi,
694 1670 848 1754 quicquid
862 1671 900 1735 de
914 1670 979 1736 isto
999 1670 1120 1758 studio,
1135 1703 1162 1743 rs

80 1760 269 1845 2Lolliane,
292 1758 514 1845 promisimus,
542 1758 747 1845 explicemus.
794 1759 1031 1844 quinquus,
1059 1781 1119 1826 our

108 1849 143 1915 in
179 1849 374 1933 quibusdam
410 1847 598 1934 regionibus
639 1871 776 1932 corpora
815 1847 985 1914 hominum
1020 1849 1118 1934 nigro

110 1960 237 2022 semper
264 1937 372 2002 coloro
400 1937 602 2020 sordescunt,
631 1959 687 2002 cur
718 1958 794 2002 vero
827 1936 907 2001 alibi
933 1960 1015 2020 puro
1042 1960 1119 2003 can·

109 2026 196 2091 doris
229 2027 399 2110 splendore
432 2026 647 2111 praeniteant,
674 2024 764 2109 huic,
796 2024 851 2109 qui
885 2027 944 2090 has
977 2025 1118 2110 requirit

109 2138 232 2196 causas,
255 2114 344 2180 brevi
368 2114 597 2199 disputationis
616 2113 762 2179 oratione
782 2116 1003 2198 respondeam,
1026 2138 1117 2199 prae·
1131 2145 1159 2185 so

109 2203 223 2269 sertim
250 2226 325 2271 oum
355 2204 395 2268 ad
426 2204 524 2268 istam
551 2208 677 2287 partem
710 2203 887 2268 multorum
919 2203 1118 2288 sapientium

77 2291 427 2376 3dooilessententiae
446 2291 659 2375 proferantur.
694 2291 734 2356 In
752 2313 846 2356 omne
866 2294 999 2374 caelum,
1021 2292 1117 2358 cuius

108 2385 159 2446 est
190 2379 330 2445 rotunda
361 2379 528 2465 formatio,
555 2381 645 2481 quod
677 2385 781 2445 terras
814 2379 917 2446 maria
944 2385 1116 2466 ceteraque

109 2492 190 2554 quae
213 2469 301 2533 intra
319 2490 353 2533 se
376 2472 452 2532 sunt
475 2468 585 2533 omnia
606 2469 695 2554 ignei
713 2468 848 2553 spiritus
866 2469 1116 2537 circumfusione

109 2556 406 2640 complectitur...
422 2557 589 2642 quinque
621 2581 775 2623 zonarum
806 2558 951 2642 ipsarum
982 2581 1048 2623 una
1075 2559 1117 2624 si·
1130 2589 1159 2629 ιι

109 2646 259 2730 milisque
287 2608 549 2711 substantiat
498 2653 562 2731 est;
590 2670 665 2712 nam
693 2646 888 2731 quaedam
878 2669 1024 2731 ipsarum
1047 2647 1117 2712 uni·

108 2736 229 2800 formes
244 2740 320 2801 sunt
333 2758 392 2801 nec
407 2735 545 2801 alienam
560 2737 682 2800 habent
668 2735 948 2836 tadmixtionem,
958 2736 1117 2820 quaedam

108 2846 185 2890 vero
209 2823 403 2889 commixtae
426 2824 672 2908 temperationis
696 2830 772 2888 sunt
758 2824 948 2889 ttmodera
923 2829 1012 2889 tione
1031 2847 1117 2890 oom-

76 2912 243 2997 4positae.
288 2911 414 2977 Harum
446 2913 587 2998 quinque
620 2935 774 2977 zonarum
806 2935 888 2996 quae
921 2912 1027 2979 media
1054 2921 1117 2998 est,

111 3001 237 3067 corusci
258 3000 344 3066 Solis
367 3001 499 3066 incensa
517 3000 695 3066 luminibus
720 3005 752 3065 et
775 3001 965 3085 sempiterni
989 3002 1116 3067 ardoris
1131 3032 1161 3072 co

199 3165 212 3211 1
233 3157 370 3227 quidquid
384 3164 408 3210 B
426 3160 507 3228 (idem
521 3164 545 3211 6.
557 3159 601 3226 15)
618 3159 621 3227 Ι
637 3155 763 3226 rationis,
781 3174 850 3212 corr.
865 3179 881 3211 κ
936 3165 952 3212 6
970 3157 1080 3212 facinus
1094 3165 1120 3212 B

111 3236 143 3284 10
169 3233 254 3298 atque
283 3228 428 3283 stellarum
453 3234 474 3287 Q
564 3235 597 3281 12
624 3228 744 3297 primam
767 3273 772 3283 .
793 3272 825 3284 ..
853 3232 976 3298 partem,
1004 3247 1071 3284 corr.
1099 3249 1120 3283 v

111 3306 144 3354 14
162 3300 244 3354 istius
263 3299 417 3368 questionis
437 3299 518 3353 dubit
506 3298 654 3359 tationeQ
736 3307 768 3354 16
787 3301 881 3369 querit
902 3307 940 3353 R*
964 3303 968 3371 l
997 3303 1031 3368 cf.
1051 3302 1120 3355 Bou

109 3377 171 3425 190.
186 3371 256 3425 217³
309 3377 343 3424 22
362 3372 397 3438 of
416 3371 491 3442 Verp.
508 3370 746 3441 Geor9.12313s
773 3371 1120 3441 lpossisinomnicselo

110 3447 143 3494 25
163 3444 212 3496 lae.
231 3449 293 3496 ctat.
313 3443 374 3512 uel
400 3447 449 3495 aut
468 3444 615 3510 praescr
636 3445 744 3514 caputio
767 3449 817 3497 oret
838 3443 917 3497 scrib.
937 3444 1036 3516 (non)
1060 3460 1121 3498 una

110 3519 143 3565 27
163 3512 371 3565 ammixtionem
390 3517 465 3571 ΡΜ
