2416 3840
480 143 519 198 IV
533 149 574 214 13,
590 150 695 213 1a-14‚
709 161 730 201 a
1043 145 1107 211 225

97 292 196 358 faciet
219 291 360 374 interire,
382 290 573 375 praesertim
596 290 624 355 si
642 290 676 354 in
695 290 920 355 malivolarum
939 291 1106 356 stellarum

101 382 204 468 signis
231 381 289 445 fiat
319 380 384 444 ista
414 379 606 445 coniunctio.
654 376 688 444 Si
718 401 794 444 vero
825 379 1027 445 aMercurio
1056 381 1138 447 de=3

100 472 203 535 fluens
235 469 327 534 Luna
363 469 489 533 minuta
525 468 647 533 lumine
685 469 725 532 ad
763 465 938 533 Saturnum
975 469 1107 555 feratur,

102 559 201 624 faciet
227 558 390 624 mendicos
418 578 589 642 pauperes,
616 555 731 641 pannis
756 557 882 622 obsitos
911 562 944 621 et
972 559 1107 624 miserae

76 647 259 733 aegestatis
284 646 469 712 calamitate
488 647 661 728 demersos,
685 646 765 709 alios
785 645 905 710 servire
924 646 959 710 in
977 649 1108 733 templis

103 736 191 820 facit,
214 736 296 800 alios
321 734 490 800 vaticinari
513 734 686 819 compellit.
732 733 826 800 Facit
849 734 1038 819 plerumque
1063 737 1109 801 lu·

102 825 226 889 naticos
251 829 308 888 aut
333 845 497 888 sacrarum
519 823 734 888 valitudinum
753 822 834 888 vitia
853 824 1005 907 decernit,
1028 825 1108 890 lacit

103 915 240 978 caducos
264 917 297 977 et
320 912 438 977 misera
466 911 682 977 commotione
710 913 882 977 dementes.
930 911 965 978 si
991 935 1066 978 vero
1090 913 1141 978 a4

102 1002 263 1068 Mercurio
294 1024 352 1086 per
381 1005 511 1066 noctem
540 1001 681 1066 defluens
711 999 803 1064 Luna
833 1003 960 1066 minuta
988 1002 1109 1068 lumine

63 1118 89 1156 10
104 1092 144 1156 ad
168 1090 345 1157 Saturnum
367 1089 499 1173 feratur,
523 1093 579 1154 aut
603 1089 719 1175 exponi
743 1089 822 1154 facit
845 1095 902 1154 aut
926 1092 1110 1174 squalorem

104 1180 240 1245 miserae
265 1179 432 1245 servitutis
460 1179 588 1262 inponit
620 1181 677 1243 aut
705 1200 785 1243 onus
815 1180 949 1244 acerbae
979 1180 1111 1265 captivi·

104 1270 183 1333 tatis
206 1268 332 1352 indicit3
357 1266 457 1332 etiam
481 1268 638 1332 maximas
661 1268 855 1332 valitudines
880 1271 936 1332 aut
960 1270 1042 1334 vitia
1060 1271 1110 1334 de

105 1357 209 1422 cernit
232 1361 289 1420 aut
311 1357 346 1420 in
368 1357 474 1441 prima
498 1360 604 1421 aetate
626 1356 783 1440 temporis
806 1357 937 1440 perimit
956 1363 1013 1422 aut
1031 1357 1110 1423 lacit

106 1446 215 1528 aliqua
244 1445 370 1509 ratione
403 1445 562 1527 damnari3
595 1445 710 1528 quodsi
740 1445 822 1509 nihil
855 1446 972 1511 horum
1004 1446 1110 1532 fuerit,

64 1561 90 1600 15
105 1534 185 1599 facit
207 1534 416 1598 biothanatos
438 1532 580 1598 interire.

195 1624 224 1686 A
247 1621 440 1686 Mercurio
464 1622 569 1687 Luna
597 1623 641 1686 ad
664 1621 800 1687 Iovem.
848 1620 883 1687 Si
907 1646 926 1687 a
949 1622 1142 1690 Mercuriob

106 1711 247 1776 defluens
275 1710 369 1775 Luna
396 1712 436 1775 ad
462 1709 574 1776 Iovem
601 1711 737 1795 feratur,
769 1710 866 1776 faciet
894 1733 1030 1798 magnos
1057 1734 1112 1797 po·

105 1805 220 1885 tentes,
244 1801 362 1884 quibus
382 1800 615 1884 imperatorum
634 1799 763 1865 litterae
785 1822 822 1865 ac
842 1803 966 1865 secreta
985 1801 1113 1866 credan-

106 1894 160 1953 tur
184 1893 241 1954 aut
265 1888 320 1973 qui
343 1889 451 1974 regias
476 1910 553 1973 opes
576 1889 747 1974 regiosque
766 1889 937 1954 thesauros
955 1890 1043 1954 fideli
1062 1894 1112 1954 tu·

65 2004 93 2044 ao
107 1978 231 2043 tatione
254 1978 440 2043 custodiant
468 1980 500 2042 et
530 1978 585 2061 qui
608 1979 642 2042 in
665 1979 755 2064 regia
783 1979 879 2043 domo
907 1978 1039 2043 iubendi
1062 1979 1112 2044 vel

108 2067 296 2150 disponendi
324 2067 466 2131 habeant
492 2071 702 2152 potestatem3
732 2066 810 2131 facit
833 2067 1022 2151 plerumque
1046 2089 1112 2132 ma·

108 2157 229 2240 gistros
257 2156 452 2239 nuntiosque
480 2177 608 2240 regum,
636 2156 690 2220 sed
715 2159 747 2220 et
773 2176 928 2220 neocoros
957 2160 1013 2220 aut
1040 2178 1112 2240 pro·

107 2244 222 2327 phetas
254 2243 334 2308 facit
367 2248 423 2309 aut
455 2245 617 2329 principes
651 2244 867 2326 sacerdotum,
899 2248 936 2308 ut
968 2267 1007 2310 ex
1037 2245 1111 2310 istis

107 2332 284 2398 honoribus
308 2337 364 2397 aut
387 2355 427 2398 ex
447 2334 499 2399 his
523 2333 746 2399 occasionibus
770 2333 910 2397 maxima
929 2333 994 2398 illis
1013 2333 1112 2399 felici-

66 2447 93 2487 25
108 2422 187 2485 tatis
211 2421 419 2487 conferantur
442 2422 584 2508 insignia
608 2426 640 2486 et
662 2425 700 2486 ut
724 2444 762 2486 ex
784 2421 835 2486 his
855 2423 981 2487 actibus
1000 2427 1112 2508 poten-

107 2511 190 2574 tium
221 2509 408 2576 divitiarum
439 2512 637 2577 incrementa
670 2511 870 2595 conquirant.
918 2510 952 2577 Si
984 2534 1061 2577 vero
1095 2513 1143 2578 ab

107 2598 267 2665 Mercurio
291 2601 433 2666 defluens
462 2600 586 2665 minuta
614 2601 735 2665 lumine
758 2599 850 2664 Luna
873 2601 912 2665 ad
935 2599 1046 2666 Iovem
1070 2601 1112 2666 fe·

107 2692 207 2772 ratur,
231 2693 288 2753 aut
310 2688 492 2754 rationibus
516 2689 688 2774 praeponit
711 2693 767 2754 aut
786 2712 825 2754 ex
842 2689 951 2754 fenore
970 2690 1114 2775 negotia·

108 2776 253 2842 tionibus
280 2777 360 2842 facit
392 2799 461 2843 esse
494 2779 697 2864 praepositos
735 2782 792 2842 aut
819 2777 898 2843 facit
926 2781 1051 2842 actores
1080 2780 1113 2842 et

68 2893 95 2933 ao
109 2864 200 2950 tales,
229 2866 345 2949 quibus
369 2866 500 2950 publica
523 2867 572 2932 vel
596 2867 720 2932 fiscalia
742 2866 959 2931 instrumenta
981 2866 1113 2930 credan-

108 2959 171 3040 tur,
195 2958 252 3017 aut
274 2954 471 3038 ponderibus
494 2955 632 3039 publicis
657 2959 713 3020 aut
736 2955 900 3020 fiscalibus
924 2954 1004 3019 facit
1024 2976 1114 3038 prae-

200 3145 313 3199 limlt
385 3145 457 3198 aad
474 3162 549 3200 mere
565 3147 569 3218 Ι
585 3162 634 3217 per
651 3150 762 3202 noctem
781 3147 904 3200 defluens
923 3152 949 3199 n
1008 3146 1114 3200 3lera-

109 3221 155 3271 tur
175 3220 224 3270 aut
243 3221 344 3285 erponi
363 3222 389 3269 n
478 3223 494 3270 5
514 3217 647 3288 egestatis
667 3218 709 3290 A']
729 3217 815 3289 gestis
834 3219 949 3285 afim,
965 3231 995 3271 11.
1015 3221 1114 3284 241,2‚·

109 3289 194 3342 vestis
213 3310 229 3343 κ
281 3287 475 3358 'ouaginari
494 3306 561 3344 corr.
581 3306 597 3343 σ
615 3291 649 3357 ef.
663 3294 763 3356 233,2.a
824 3295 856 3342 12
875 3287 1070 3342 ualitutidines
1088 3295 1115 3342 Β

112 3366 144 3414 16
164 3360 193 3414 si
212 3377 229 3413 a
246 3376 323 3413 marc
341 3365 388 3412 ΡΒ
488 3364 520 3413 19
539 3358 613 3430 fidei,
631 3377 699 3416 corr.
718 3381 735 3414 a
758 3363 761 3429 l
784 3359 943 3414 tuitione?
965 3361 1028 3427 fort.
1048 3367 1115 3415 recte

110 3436 144 3483 ΒΡ
163 3431 306 3486 ineorocos
320 3437 346 3484 n
365 3431 507 3485 ineoooros
526 3437 572 3484 ΡΒ
591 3448 658 3487 corr.
673 3431 702 3485 A'
759 3437 792 3485 23
807 3433 850 3503 ut]
870 3434 920 3484 aut
933 3436 959 3483 n
1014 3436 1047 3484 25
1066 3448 1115 3501 po·

110 3502 262 3568 tentiarum
280 3509 307 3556 Β
382 3508 415 3556 27
434 3518 511 3556 maro
529 3507 576 3555 ΡΒ
665 3509 699 3557 28
718 3501 808 3558 fenori
889 3508 921 3556 29
943 3505 1069 3557 auctores
1089 3508 1115 3555 n

163 3602 288 3655 Francus,
302 3602 337 3643 ed.
351 3603 436 3644 Kroll
449 3605 472 3644 et
487 3602 617 3645 Skutsch.
633 3603 652 3642 1.
923 3598 955 3646 15
