2416 3840
102 210 164 273 166
541 208 679 264 FIRMICI

100 355 254 420 honestos
275 359 307 418 et
325 376 449 440 graves.
484 354 606 430 Quodsi
625 355 672 418 sio
686 354 787 438 positi
801 352 923 418 fuerint
941 353 976 416 in
989 358 1112 437 quarto

99 444 172 508 loco
201 444 383 528 geniturae,
416 443 682 508 considerandum
710 447 761 506 est
790 443 942 523 maxime,
960 443 1011 507 in
1044 464 1112 527 quo

101 533 167 596 sint
194 532 287 618 signo
316 531 488 597 constituti
517 535 549 594 et
578 532 633 614 qui
662 531 705 595 sit
732 532 801 595 eius
830 531 915 616 signi
944 531 1112 616 dominus3

98 621 318 704 periculosum
345 625 394 685 est
423 620 509 684 enim
536 621 689 702 maxime,
717 620 745 684 si
773 620 807 683 in
834 620 896 684 hoc
923 619 996 684 loco
1025 619 1113 686 Mer-

102 710 209 773 curius
232 711 359 793 positus
383 710 418 772 in
443 708 574 774 Saturni
598 709 693 772 domo
718 708 817 772 fuerit
839 709 1000 773 inventus.
1140 734 1152 775 s

70 797 91 862 5
189 799 228 862 In
251 800 365 882 quinto
388 799 460 862 loco
487 796 542 862 Sol
570 819 644 862 oum
666 796 827 862 Mercurio
857 798 897 861 ab
923 797 1111 882 horoscopo

100 888 298 952 constitutus
317 886 480 970 partiliter
497 886 596 950 faciet
609 887 737 950 nobiles
757 892 790 950 et
809 886 865 969 qui
884 886 994 951 omnia
1012 885 1112 952 facile
1180 926 1182 935 =

99 976 282 1059 perficient,
315 976 370 1039 sed
398 975 597 1058 periculosos
626 978 659 1039 et
690 975 745 1057 qui
771 997 837 1039 non
863 975 1007 1039 babeant
1038 998 1112 1059 per·
1177 988 1182 1007 ²

99 1069 232 1147 petuam
259 1064 450 1127 felicitatem
483 1068 515 1127 et
548 1064 604 1146 qui
633 1063 754 1127 multos
781 1062 870 1127 facili
898 1063 1026 1128 ratione
1054 1065 1112 1129 de-

71 1157 232 1305 finpapltl.
252 1244 342 1305 sexto
366 1240 438 1305 loco
462 1242 503 1304 ab
526 1241 706 1325 horoscopo
731 1239 910 1305 Mercurius
934 1263 1009 1306 oum
1033 1239 1111 1306 Sole
1126 1179 1152 1219 m

99 1330 263 1414 partiliter
278 1333 476 1394 constitutus
495 1329 656 1415 ignobiles
672 1352 781 1394 servos
796 1330 978 1394 laboriosos
995 1330 1111 1417 pigros

100 1419 199 1484 faciet
217 1424 250 1482 et
270 1441 407 1503 qnorum
420 1424 529 1501 patres
544 1418 738 1502 nesciantur,
753 1419 851 1483 orbos
870 1442 889 1482 a
907 1420 1112 1504 parentibus,

101 1507 211 1572 tardos
240 1508 274 1572 in
302 1507 443 1589 actibus,
477 1512 510 1571 et
538 1507 594 1590 qui
620 1507 703 1571 nihil
731 1507 884 1589 consequi
912 1507 1054 1592 possint,
1083 1506 1113 1574 si

100 1597 190 1661 nulla
217 1596 313 1660 stella
340 1597 374 1660 in
397 1596 436 1660 X.
463 1597 504 1660 ab
532 1595 714 1679 horoscopo
742 1596 814 1660 loco
842 1596 941 1660 fuerit
968 1596 1112 1663 inventa
1124 1618 1163 1669 ιι,

100 1684 257 1769 <sivero
281 1685 315 1749 in
333 1684 374 1749 X.
392 1686 464 1749 loeo
489 1686 529 1748 ab
551 1686 733 1769 horoscopo
758 1684 854 1749 stella
877 1685 986 1767 aliqua
1010 1685 1114 1751 fuerit

100 1775 268 1858 inventa),
296 1774 483 1838 divitiarum
511 1774 724 1859 ingenuitatis
753 1778 786 1837 et
815 1774 939 1859 gloriae
967 1772 1115 1861 insignia

102 1863 324 1946 conferuntur,
352 1863 545 1946 praesertim
573 1863 602 1926 si
629 1863 779 1927 benivola
802 1862 899 1927 stella
926 1863 961 1926 in
984 1862 1132 1951 decimo·¹
1174 1862 1182 1872 “

101 1953 173 2017 1000
197 1951 295 2016 fuerit
318 1953 457 2016 inventa.
1131 2028 1182 2043 ..

72 2041 90 2102 7
189 2041 228 2105 In
260 2042 398 2124 septimo
431 2041 503 2106 loco
536 2041 576 2104 ab
609 2042 790 2125 horoscopo
821 2039 1001 2105 Mercurius
1036 2062 1147 2109 cuma

102 2130 176 2194 Sole
194 2129 358 2214 partiliter
377 2131 585 2208 constitutus,
603 2129 689 2193 idest
707 2130 741 2193 in
760 2151 885 2212 occasu,
904 2129 932 2193 si
950 2152 1010 2213 per
1024 2130 1116 2199 dieri-
1156 2126 1182 2145 ⁸*

101 2220 136 2282 in
158 2219 220 2283 hoo
243 2219 315 2284 loco
339 2219 437 2283 fuerit
460 2219 625 2300 inventur,
653 2218 751 2283 faciet
778 2217 822 2301 ei,
853 2218 908 2301 qui
937 2219 983 2283 sic
1011 2223 1112 2287 natus
1151 2220 1181 2233 '⁴

101 2308 209 2390 fuerit,
234 2308 388 2372 maximas
407 2330 458 2372 res
478 2312 722 2391 potestatesque
746 2307 916 2388 committi,
940 2308 996 2372 sed
1019 2307 1113 2393 ipson

102 2395 295 2460 biothanata
317 2401 422 2461 morte
446 2396 544 2461 faciet
567 2397 709 2460 interire.
747 2395 876 2461 sivero
899 2401 1112 2479 pernoctem

102 2485 137 2548 in
155 2485 217 2548 hoc
236 2485 308 2548 loco
327 2485 490 2568 partiliter
503 2485 645 2569 (fuerit)
660 2485 867 2568 constitutus,
885 2482 984 2550 faciet
1003 2484 1131 2553 multos

101 2573 228 2657 perpeti
252 2574 351 2652 mala,
379 2575 564 2638 laborantes
593 2578 626 2638 et
649 2574 810 2639 cotidiano
835 2595 930 2657 opere
953 2572 1114 2643 alimento

103 2666 292 2746 quaerentes
319 2667 352 2726 et
376 2662 471 2727 malis
495 2685 622 2748 semper
644 2685 682 2728 ac
705 2663 843 2727 sordidis
867 2662 994 2728 actibus
1019 2684 1113 2733 oom-

101 2757 211 2836 patos3
245 2756 339 2816 erunt
368 2751 453 2817 enim
481 2756 568 2817 artes
597 2756 653 2816 aut
683 2751 830 2816 sordidae
858 2754 915 2815 aut
942 2750 1113 2836 squalidos

103 2847 160 2905 aut
183 2841 275 2927 gravi
298 2842 395 2907 odore
423 2846 456 2906 et
484 2843 602 2927 quibus
625 2841 752 2906 artibus
779 2839 911 2926 vigiliae
933 2843 1112 2926 perpetum

102 2931 143 2994 ab
177 2930 386 3015 operantibus
424 2930 609 3017 exigantur,
645 2930 757 3014 quales
795 2933 871 2993 sunt
908 2928 1112 3001 confectores

103 3020 266 3084 coriorum
288 3020 428 3085 fullones
452 3021 569 3084 lanarii
591 3019 732 3105 pistores
761 3018 857 3102 coqui
885 3023 918 3083 et
945 3017 997 3084 his
1023 3018 1111 3087 simi·

102 3109 275 3263 lquqopppos
299 3109 530 3177 tamenfaciet
554 3108 770 3174 stomachioos
795 3112 851 3173 aut
872 3107 980 3192 prima
1002 3110 1113 3175 aetate

192 3355 368 3424 8perficiant
382 3360 405 3407 Δ
463 3354 603 3409 aratione
617 3353 700 3426 M]
714 3352 872 3408 radiatione
922 3358 957 3407 16
1080 3360 1098 3407 l

104 3433 137 3479 18
156 3426 334 3495 praesertin
405 3434 436 3480 21
457 3425 598 3495 partiliter
616 3425 685 3497 Μ’]
703 3424 810 3494 pariter
830 3427 904 3495 (nate
921 3440 987 3479 oum
1080 3430 1098 3477 I

104 3503 137 3549 25
157 3498 220 3551 add.
235 3497 265 3549 A'
338 3503 372 3550 26
390 3497 552 3552 loborantes
565 3503 589 3549 B
604 3501 608 3564 Ι
625 3496 770 3568 alimenta]
789 3495 932 3551 uictum!
981 3500 1093 3555 timi

102 3570 437 3639 011100(000000000.)11
491 3574 523 3622 31
539 3567 668 3638 pictores,
683 3567 826 3624 0011191111
878 3572 913 3622 82
952 3564 1092 3629 bonfilio(

958 3684 1062 3799 ’1111ῗὲΙΙ
