2408 3840
494 179 533 232 IV
549 185 686 248 rac-12.
1031 178 1094 244 241

88 325 188 390 fuerit
206 324 356 388 inventus
375 324 410 387 in
427 324 489 408 his,
507 324 542 387 in
556 324 674 407 quibus
689 323 838 408 diximus,
851 323 941 409 locis,
955 324 1096 389 mediam

89 413 274 499 genituram
298 413 450 497 decernit,
472 415 510 477 ut
532 433 593 476 nec
615 412 702 475 ultra
725 412 856 476 modum
877 412 956 477 felix
974 414 1018 478 sit
1037 436 1096 479 nec

89 502 245 587 egestatis
274 501 435 588 angustiis
464 501 672 584 deprimatur.
723 498 759 564 Si
786 521 862 564 vero
890 503 986 566 ambo
1014 502 1096 567 bene

90 590 274 676 ceciderint,
296 590 445 656 dominus
463 589 567 674 ipsius
587 589 682 674 signi,
705 589 739 652 in
759 610 823 671 quo
842 593 893 652 est
911 590 1001 661 locus
1018 589 1096 657 For-

61 684 201 763 stunae,
232 683 273 749 et¹
295 679 443 744 domiuus
473 678 576 762 partis
606 678 708 761 illius,
737 677 772 741 in
795 699 859 760 qua
881 677 998 742 ultima
1020 703 1096 764 pars

89 768 188 833 fuerit
211 768 355 846 inventa,
386 771 418 831 et
442 767 592 830 inbonis
617 766 719 851 signis
743 767 927 848 constituti,
955 767 1040 832 idest
1063 770 1096 833 in

90 857 208 941 quibus
233 857 374 941 gaudent
396 856 448 921 rel
471 854 505 919 in
524 855 642 939 quibus
662 854 856 939 exaltantur,
875 856 924 920 vel
943 855 978 918 in
997 856 1097 921 domi·

90 946 173 1011 ciliis
198 946 274 1029 suis,
297 950 330 1009 et
353 943 517 1029 partiliter
539 945 574 1007 in
593 944 778 1008 cardinibus
797 943 918 1009 fuerint
937 944 1097 1030 collocati,

90 1038 200 1098 tantas
224 1034 367 1098 decernit
389 1033 573 1118 felicitates,
595 1037 632 1096 ut
653 1032 696 1116 is,
720 1033 775 1117 qui
799 1033 845 1099 sic
868 1036 964 1097 natus
987 1033 1097 1120 fuerit,

48 1149 76 1189 10
89 1123 339 1207 imperatoribus
364 1123 452 1187 omui
475 1143 591 1207 genere
615 1121 839 1206 coniungatur.
888 1120 944 1186 Sin
962 1145 1038 1188 vero
1062 1123 1097 1188 in

91 1209 193 1297 signis
219 1212 384 1276 cardinum
407 1233 473 1275 non
495 1209 665 1294 partiliter,
690 1211 745 1275 sed
768 1211 887 1293 platice
906 1211 1027 1276 fuerint
1050 1213 1098 1277 in·

90 1300 188 1383 venti,
202 1300 325 1364 mediae
343 1299 511 1364 felicitatis
529 1300 728 1364 incrementa
747 1298 930 1364 decernunt.
966 1299 1001 1364 si
1020 1323 1095 1367 vero
1109 1303 1150 1367 10

91 1389 240 1452 dominus
263 1389 365 1473 ipsius
389 1387 489 1472 signi,
518 1389 553 1451 in
581 1409 644 1470 quo
673 1391 723 1451 est
745 1386 910 1452 Fortunae
937 1387 1028 1452 locus
1051 1390 1098 1454 in-

91 1479 221 1560 ventus,
254 1477 309 1539 sed
342 1480 375 1540 ct
407 1474 555 1540 dominus
587 1475 690 1558 partis
720 1475 836 1558 ipsius,
868 1476 952 1539 idest
984 1477 1098 1541 finium

47 1591 76 1632 15
91 1564 255 1649 dominus,
278 1568 310 1628 et
333 1564 482 1628 dominus
505 1563 649 1647 partium
673 1585 796 1648 earum,
823 1563 858 1628 in
881 1563 998 1647 quibus
1022 1565 1098 1651 (in)

91 1654 203 1718 eadem
237 1653 387 1738 genitura
423 1651 515 1716 Luna
550 1651 651 1716 fuerit
681 1652 828 1736 inventa,
862 1653 944 1718 bene
976 1653 1098 1719 fuerint

92 1741 255 1826 collocati,
288 1741 339 1805 vel
366 1742 401 1805 in
429 1741 545 1824 quibus
574 1741 757 1805 exaltantur
784 1741 834 1806 vel
862 1741 897 1805 in
924 1742 1097 1808 domiciliis

91 1831 168 1914 suis,
193 1835 225 1895 et
247 1829 439 1919 principalia
467 1829 636 1915 geniturae
663 1830 868 1912 possederint
894 1830 966 1895 loca
988 1831 1040 1896 rel
1063 1833 1097 1896 in

90 1919 153 2004 his,
176 1920 210 1984 in
235 1920 351 2003 quibus
375 1919 528 2004 gaudent,
551 1916 632 1982 locis
656 1918 778 1983 fuerint
797 1918 955 2003 collocati,
977 1919 1098 1985 facient

48 2032 77 2074 so
91 2009 316 2092 imperatores,
345 2009 400 2072 sed
429 2028 564 2092 quorum
592 2008 764 2092 imperium
792 2028 850 2090 per
877 2008 979 2073 totius
1009 2010 1097 2074 orbis

93 2097 199 2179 spatia
222 2096 381 2181 dirigatur
405 2100 437 2160 et
461 2116 598 2181 quorum
621 2100 715 2160 tanta
741 2099 888 2179 potestas
912 2097 970 2181 sit,
998 2102 1034 2162 ut
1058 2099 1097 2162 ad

53 2199 57 2205 '
93 2185 226 2249 deorum
249 2207 369 2248 numen
392 2185 554 2250 accedant.
601 2181 634 2247 si
658 2206 733 2249 vero
756 2185 895 2248 istarum
919 2185 1149 2271 stellarum,ll

93 2295 230 2357 quarum
257 2273 392 2338 fecimus
420 2274 631 2357 mentionem,
659 2272 749 2337 nulla
772 2273 853 2337 bene
877 2274 1037 2357 ceciderit,
1060 2276 1097 2359 is,

94 2363 149 2445 qui
178 2363 226 2428 sic
252 2367 349 2427 natus
379 2361 491 2445 fucrit,
523 2384 625 2446 usque
653 2361 693 2425 ad
720 2361 872 2426 ultimum
898 2363 984 2428 vitae
1012 2364 1097 2429 diem

49 2474 79 2516 25
92 2449 294 2515 infelicitatis
323 2472 418 2516 onere
447 2451 652 2535 deprimetur.
699 2449 791 2526 Quod
820 2473 893 2515 cum
915 2452 1027 2538 fuerit,
1051 2455 1098 2518 in·

93 2540 181 2623 spice
203 2540 366 2624 partiliter
389 2539 459 2606 MC.
482 2544 515 2604 et
537 2540 600 2605 hoc
623 2540 766 2625 signum,
794 2541 878 2623 quod
906 2541 940 2605 11
964 2541 1097 2607 anafora

92 2627 266 2712 horoscopi
290 2630 347 2714 sit3
371 2632 403 2693 et
427 2628 455 2693 si
473 2628 563 2692 nulla
582 2650 620 2693 ex
638 2628 704 2693 illis
723 2628 837 2712 stellis,
856 2651 992 2713 quarum
1011 2653 1098 2695 men·

93 2717 216 2781 tionem
238 2717 384 2801 fecimus,
405 2718 487 2781 benc
510 2717 609 2781 fuerit
632 2716 799 2802 collocata,
820 2718 892 2782 ride
916 2718 1012 2783 auin
1026 2717 1096 2783 ΜΟ.

92 2806 144 2869 vel
172 2805 206 2868 in
234 2805 366 2870 anafora
398 2804 570 2890 horoscopi
597 2806 747 2871 benivola
779 2806 875 2870 stella
902 2807 1096 2871 conditionis

48 2918 79 2960 so
93 2915 170 2957 suae
201 2898 312 2959 secuta
340 2898 537 2979 potestatem
570 2894 769 2978 inveniatur3
801 2917 876 2959 nam
907 2895 935 2958 si
964 2895 1097 2960 inventa

92 2981 201 3066 fuerit,
218 2984 440 3066 praecedentis
454 2983 531 3047 mali
545 3005 698 3066 processu
712 2985 868 3067 temporis
883 2983 1096 3048 infortunium

92 3071 283 3156 corrigetur.
329 3070 363 3136 si
386 3093 463 3136 vero
486 3072 552 3136 illis
575 3073 690 3157 tribus,
714 3073 830 3156 quibus
854 3075 929 3136 ante
949 3073 1150 3157 diximus,12

182 3246 435 3317 tutncc]utq;lt
471 3245 821 3316 dinqu.g.v.pemiaotlt
858 3246 956 3301 ahias
994 3253 1026 3301 10
1038 3247 1097 3301 sill

94 3321 125 3371 11
140 3314 278 3396 placite?
329 3316 515 3371 1611111111
566 3323 598 3370 16
612 3316 685 3385 luno,
700 3335 768 3373 corr.
783 3317 812 3371 A'
856 3317 1097 3373 1911111111]

93 3392 127 3439 23
145 3386 336 3440 mucntionem
353 3393 391 3440 12⁸
467 3394 500 3441 25
520 3387 710 3457 deprimentur
727 3395 820 3442 11²2*
895 3395 928 3443 26
953 3392 982 3443 et
1000 3391 1027 3514 app
1048 3390 1096 3444 sed

93 3459 193 3525 (possis
212 3458 261 3511 sed
275 3460 313 3528 et)
329 3461 333 3529 Ι
350 3458 501 3512 1111111111
524 3458 635 3513 aforal’
680 3465 713 3512 27
733 3459 770 3514 sit
783 3461 812 3532 a]
831 3460 880 3514 sed
925 3466 959 3514 28
978 3460 1005 3514 vi
1026 3477 1041 3514 e
1060 3478 1093 3516 an

92 3527 169 3599 sicr]
188 3527 304 3582 uideant
366 3536 400 3584 29
415 3529 525 3584 arafora
542 3535 570 3583 u
644 3535 677 3584 32
697 3530 847 3602 corrigens,
864 3549 931 3587 corr.
947 3550 964 3584 v

145 3627 271 3680 Fruuntur,
285 3628 320 3670 sd.
334 3630 419 3671 Kroll
434 3633 457 3671 et
471 3630 601 3671 Skutsch.
626 3630 646 3670 1.
904 3627 936 3676 16
