2416 3840
485 183 523 238 IV
539 190 562 252 1,
577 191 663 253 1o—3‚
678 201 697 241 a.

355 417 415 481 ur.
446 415 570 482 noun
594 399 654 482 lo
678 417 830 484 lovan.

183 541 216 608 si
240 542 333 606 Luna
356 564 389 606 se
413 541 499 606 Iovis
523 542 734 625 adplicaverit
758 544 870 607 stellae
895 548 927 608 εὴ
951 549 1124 610 crescensl

92 632 211 697 lumine
243 632 307 695 ista
340 653 373 695 se
406 631 562 695 societate
597 631 798 695 coniunxerit
829 633 880 696 vel
914 633 954 696 sd
986 632 1097 698 lovem

94 723 229 802 feratur,
256 720 355 785 faciet
377 719 486 784 felices
515 719 676 803 gloriosos
704 720 832 802 divites,
860 722 1038 785 multorum
1065 725 1098 784 et

68 831 287 895 smagnorum
311 809 594 872 fundamentorum
618 812 651 872 et
672 808 906 874 latissimarum
924 810 1099 893 possessio-

93 921 172 964 num
196 899 358 981 dominos3
386 898 441 960 sed
469 897 515 961 sie
538 897 695 962 habentes
718 897 844 962 Lunam
868 897 967 963 etiam
990 897 1100 961 futura

94 987 286 1073 praedicunt
316 990 373 1049 aut
399 987 532 1069 propria
559 986 659 1050 animi
687 985 856 1051 divinitate
885 991 942 1051 aut
969 987 1101 1052 deorum

96 1075 223 1140 monitu
247 1081 304 1138 aut
327 1097 366 1139 ex
390 1075 528 1140 oraculis
554 1078 609 1138 aut
633 1075 713 1140 artis
737 1076 904 1140 cuiusdam
925 1074 1102 1140 venerabili

97 1164 277 1248 disciplina.
320 1162 354 1228 si
377 1167 487 1228 tamen
510 1164 544 1227 in
567 1164 632 1228 ista
656 1164 881 1230 coniunctione
900 1164 1026 1229 Lunam
1048 1186 1104 1248 po-

58 1282 83 1320 10
99 1254 196 1318 sitam
220 1253 257 1317 de
278 1254 435 1336 quadrato
454 1253 505 1317 vel
525 1253 563 1317 de
582 1252 741 1317 diametro
761 1252 876 1317 Martis
896 1254 990 1318 stella
1010 1251 1103 1337 [non]

97 1341 230 1424 viderit,
265 1343 454 1405 minuuntur
486 1342 565 1406 haec
598 1343 708 1406 omnia
739 1364 813 1407 cum
845 1341 986 1406 maximo
1018 1343 1104 1404 vitae

98 1430 291 1494 discrimine.
330 1427 364 1494 si
386 1451 462 1494 vero
481 1429 516 1493 in
533 1430 599 1493 ista
618 1431 843 1494 coniunctione
863 1431 962 1494 fuerit
981 1431 1138 1495 minuta2

98 1518 286 1603 luminibus,
313 1518 412 1582 faciet
435 1519 583 1601 adoptari
612 1518 663 1582 vel
686 1520 852 1602 expositos
876 1523 971 1583 antea
993 1521 1108 1602 postea

99 1607 288 1691 parentibus
308 1607 407 1690 reddi,
426 1629 484 1688 per
503 1607 694 1690 semetipsos
714 1607 778 1670 sibi
799 1607 995 1691 patrimonia
1014 1628 1108 1691 quae-

61 1723 86 1764 15
101 1699 217 1778 rentes,
243 1700 276 1758 et
299 1693 404 1759 reddit
422 1695 515 1778 tales,
540 1696 594 1778 qui
618 1695 779 1780 gradatim
798 1700 830 1760 et
853 1717 1006 1779 processu
1030 1701 1108 1759 tem·

102 1784 191 1868 poris
216 1789 363 1848 crescant
386 1788 419 1848 et
448 1783 504 1867 qui
530 1783 674 1848 habeant
701 1785 837 1850 alicuius
866 1784 989 1870 gloriae
1016 1787 1109 1868 pote-

104 1877 235 1956 statem,
261 1874 317 1936 sed
339 1871 419 1937 haec
442 1878 519 1937 tunc
543 1873 756 1957 complentur,
785 1875 812 1937 si
836 1873 883 1938 sic
906 1873 1032 1937 Lunam
1055 1893 1110 1956 po·

104 1962 202 2026 sitam
225 1961 277 2025 vel
302 1965 499 2026 crescentem
522 1962 573 2025 vel
597 1962 757 2026 minutam
776 1961 865 2026 Mars
890 1963 927 2026 de
951 1962 1109 2026 diametro

104 2051 155 2115 vel
179 2051 337 2133 quadrato
361 2072 427 2114 non
449 2050 576 2114 viderit.
614 2049 736 2126 Quodsi
758 2051 804 2115 sic
824 2051 949 2115 Lunam
968 2050 1142 2134 positam3

63 2167 89 2207 ao
104 2139 192 2203 Mars
216 2140 293 2222 ista,
317 2160 380 2222 qua
403 2139 557 2221 diximus,
585 2138 765 2204 radiatione
794 2138 985 2224 respexerit,
1012 2138 1110 2204 faciet

104 2227 268 2311 expositos
293 2227 488 2311 sempiterno
513 2227 679 2292 servitutis
704 2250 799 2316 onere
828 2227 964 2312 deprimi
989 2231 1046 2291 aut
1069 2227 1109 2290 ab

104 2317 222 2381 ancilla
244 2320 347 2380 matre
376 2319 432 2381 aut
461 2339 481 2380 a
508 2316 607 2380 debili
635 2316 733 2381 faciet
761 2317 936 2402 procreari3
963 2321 1020 2380 aut
1047 2315 1110 2399 ipsi

105 2412 191 2471 certe
215 2406 297 2469 fiunt
325 2410 417 2488 parte
446 2406 584 2489 quadam
613 2405 756 2490 corporis
785 2405 905 2470 debiles
935 2409 968 2469 et
991 2405 1109 2468 misero

104 2493 308 2558 infelicitatis
341 2516 436 2558 onere
468 2494 688 2581 praegravati,
725 2495 918 2578 praesertim
953 2494 981 2558 si
1013 2495 1111 2558 istam

64 2609 89 2650 aa
105 2583 365 2648 coniunctionem
383 2582 471 2647 Mars
494 2584 529 2647 in
553 2583 667 2648 diurna
691 2584 840 2668 genitura
863 2584 1041 2668 respexerit
1059 2582 1109 2646 vel

105 2670 264 2823 Saturni?
284 2673 318 2736 in
336 2677 504 2754 nocturna,
528 2673 583 2736 sed
604 2669 762 2737 Saturnus
782 2677 869 2758 tunc,
892 2694 965 2737 cum
984 2672 1112 2735 minuta

104 2761 212 2824 deficit
262 2782 334 2825 una.

193 2959 208 3004 2
229 2969 257 3006 se
275 2951 347 3006 iouis
366 2968 395 3005 se
413 2958 440 3005 Η
457 2954 460 3019 Ι
477 2951 644 3022 applicuerit
661 2958 683 3004 V
774 2959 790 3005 3
809 2951 857 3005 isti
879 2968 907 3004 se
928 2949 1056 3004 societati
1074 2947 1108 3002 A'

105 3039 134 3076 se
153 3023 179 3077 ei
198 3041 218 3077 s.
234 3042 251 3075 a
314 3022 557 3076 tfundamtorum
570 3029 597 3076 n
660 3023 857 3093 ipraedicant
871 3028 893 3074 V
909 3023 914 3102 l
930 3021 1112 3074 diuinitatate

104 3100 131 3147 Μ
222 3100 254 3147 10
273 3096 323 3149 del.
342 3113 359 3146 a
450 3093 695 3148 mutuemini
786 3100 817 3147 15
836 3093 929 3160 reddi,
951 3109 1017 3146 corr.
1039 3090 1109 3150 Μ

106 3172 138 3219 19
159 3165 198 3218 sic
217 3167 251 3236 V]
271 3165 309 3218 sit
389 3170 423 3218 20
442 3163 499 3218 ista
517 3181 573 3232 qua
591 3167 625 3235 V]
648 3165 744 3232 itaque
825 3171 857 3217 21
879 3161 997 3232 deprimi
1014 3164 1048 3234 v]
1068 3178 1112 3215 re-

104 3236 187 3305 primi
201 3254 240 3290 απ
254 3236 325 3308 (et)
341 3235 409 3289 aut?
481 3242 514 3288 22
535 3235 626 3289 debile
640 3242 694 3289 HV
713 3235 820 3288 debiles
834 3241 871 3286 Β8
943 3239 976 3287 23
996 3233 1113 3287 miseros

106 3307 210 3377 (miseri
228 3305 285 3376 Vb),
305 3324 372 3361 corr.
387 3325 404 3359 v
