2408 3840
530 161 583 229 14,
598 176 680 216 s-n.
1064 162 1104 226 13

93 312 208 373 rantur
230 311 276 386 et,
299 306 376 371 licet
403 307 470 370 sint
492 305 695 371 incitatiores
718 307 815 371 huius
840 306 955 372 sideris
979 329 1102 392 cursus,

95 398 206 462 eadem
216 401 327 462 tamen
337 395 436 459 etiam
444 394 507 479 ipsi
518 394 644 460 ratione
655 399 838 460 cernuntur.
858 395 994 462 Veneris
1006 397 1134 461 etiam8

96 491 129 551 et
151 485 304 550 Mercurii
329 484 493 550 cotidiana
514 483 611 548 nobis
635 485 791 567 obsequia
809 489 993 550 monstrata
1016 491 1106 568 sunt,

97 575 157 639 hae
190 574 277 638 enim
310 573 423 637 stellae
451 573 542 637 brevi
569 572 742 637 interiecto
770 573 878 657 spatio
905 573 991 639 circa
1020 573 1106 639 Solis

66 664 207 729 sorbem
242 666 377 727 currunt
410 661 533 745 pariter
567 666 624 725 aut
652 665 807 726 secuntur
842 665 899 726 aut
930 685 995 727 una
1033 663 1106 727 sub-

96 774 232 836 sequens
253 750 350 816 stella
368 749 463 814 alteri
481 749 655 833 praeeundi
676 751 824 815 concedit
843 751 1007 834 obsequia.
1037 749 1107 816 Sci-

95 863 177 925 mus,
200 839 329 925 quando
353 840 548 923 vespertina,
572 840 700 923 quando
725 839 888 904 matutino
913 843 988 904 ortu
1011 840 1106 905 nobis

96 932 284 1014 appareant,
302 928 429 1012 quando
446 926 531 992 Solis
546 929 624 992 orbe
639 928 814 993 absconsae
829 928 962 1006 lateant,
978 929 1105 1013 quando

96 1040 135 1082 ex
154 1017 236 1081 radii
252 1020 321 1081 eius
336 1017 507 1101 splendore
525 1017 683 1081 liberatae
697 1016 805 1081 lucido
825 1018 875 1080 sui
894 1017 1000 1081 nitore
1017 1039 1107 1101 prae-

53 1133 82 1172 ιο
97 1105 254 1193 fulgeant.
292 1104 376 1182 Quid
399 1106 437 1170 de
461 1105 571 1170 Lunae
594 1105 688 1170 robis
712 1127 808 1171 cursu
831 1106 981 1170 videtur?
1009 1107 1137 1190 quaml)

97 1196 244 1279 dicimus,
264 1195 392 1278 quando
407 1193 641 1279 supplementis
660 1194 872 1259 sollemnibus
892 1195 999 1258 attriti
1018 1196 1107 1260 orbis

96 1284 221 1349 nutriat
244 1285 370 1366 damna,
394 1285 521 1367 quando
545 1288 722 1367 pauperata
745 1283 924 1348 luminibus
946 1285 1107 1349 iacturam

97 1373 249 1456 propriae
273 1372 455 1437 maiestatis
479 1377 647 1458 agnoscat.
677 1371 772 1437 -Haec
796 1373 881 1436 enim
905 1394 979 1437 oum
1001 1373 1108 1437 vicina

98 1459 167 1526 Soli
192 1461 259 1527 sive
279 1483 424 1526 crescens
449 1461 517 1525 sive
536 1460 688 1525 deficiens
711 1461 820 1545 fuerit,
843 1460 951 1525 radios
974 1461 1107 1525 luminis

56 1574 83 1615 15
99 1550 149 1613 sui
173 1549 267 1634 quasi
286 1547 395 1614 Solem
416 1553 569 1614 venerata
592 1550 768 1633 submittit,
787 1552 825 1614 ut
848 1549 999 1614 fraternis
1023 1549 1108 1635 igni-

98 1638 160 1702 bus
188 1660 300 1702 rursus
329 1642 458 1720 ornata,
487 1660 561 1702 cum
586 1638 752 1724 longiores
781 1660 893 1703 cursus
922 1638 972 1703 sui
995 1637 1108 1704 fecerit

99 1728 216 1807 metas,
246 1730 360 1799 renata
387 1724 504 1809 fulgidi
532 1724 711 1809 splendoris
736 1749 773 1792 ac
796 1732 952 1792 renovata
973 1727 1106 1792 luminis

99 1817 291 1877 ornamenta
314 1813 529 1878 circumferat.
564 1813 650 1879 Ecce
669 1816 756 1880 aliud
774 1817 878 1880 maius
902 1816 1106 1898 addiscimus,
1118 1815 1160 1880 10

92 1902 186 1984 ,(111οά
218 1924 293 1966 cum
325 1901 478 1966 acciderit
511 1901 681 1985 imperitos
717 1903 866 1968 homines
899 1908 1108 1969 monstruosa

57 2011 226 2075 asemper
249 1990 425 2054 timiditate
443 1990 625 2075 perturbat,
648 2012 722 2055 cum
739 1990 796 2057 sol
820 1991 925 2056 medio
944 1991 1008 2056 diei
1027 1996 1107 2055 tem·

97 2101 175 2162 pore
200 2079 309 2143 Lunae
336 2079 435 2144 radiis
463 2077 775 2163 quasiquibusdam
805 2078 982 2144 obstaculis
1010 2080 1108 2164 impe-

97 2169 186 2232 ditus
206 2168 331 2233 cunctis
351 2168 543 2233 mortalibus
562 2167 688 2254 fulgida
703 2167 884 2253 splendoris
903 2167 954 2232 sui
969 2170 1108 2256 denegat

96 2257 222 2322 lumina
251 2256 352 2342 (quod
376 2256 490 2341 Optati
514 2261 547 2321 et
574 2256 704 2321 Paulini
732 2257 916 2340 consulatu,
939 2262 976 2321 ut
999 2258 1038 2323 de
1061 2280 1108 2322 re·

98 2346 296 2411 centioribus
315 2346 441 2432 loquar,
463 2347 589 2410 cunetis
607 2345 795 2411 hominibus
813 2345 961 2410 futurum
985 2346 1108 2412 mathe-

57 2461 84 2502 25
99 2435 292 2500 maticorum
323 2456 423 2521 sagax
449 2434 611 2518 praedixit
639 2432 808 2522 intentio),
842 2436 970 2520 quando
994 2458 1107 2500 rursus

98 2522 191 2587 Luna
204 2527 406 2588 terrenarum
421 2523 630 2587 altitudinum
649 2524 843 2588 adumbrata
858 2524 1047 2610 regionibus
1067 2525 1107 2589 si·

99 2613 169 2677 mili
183 2612 308 2677 ratione
323 2612 461 2694 deficiat,
476 2613 563 2696 quod
576 2613 764 2697 frequenter
777 2613 847 2677 fieri
861 2612 986 2677 lucidae
1000 2614 1107 2678 noctis

99 2703 274 2766 serenitate
298 2701 505 2784 pervidimus.

187 2790 277 2854 Haec
305 2790 414 2854 omnia
441 2789 748 2855 mathematicorum
775 2789 909 2875 collegit
939 2790 1106 2877 ingenium
1119 2792 1157 2855 11

57 2906 85 2945 so
99 2882 133 2942 et
156 2876 398 2962 computatione
427 2878 552 2943 sollerti
580 2878 706 2943 diuinae
734 2878 958 2962 dispositionis
983 2884 1106 2944 secreta

99 2967 279 3052 perdidicit.
306 2966 435 3032 Vellem
453 2966 564 3051 itaque
579 2968 659 3031 mihi
673 2970 719 3052 tu,
737 2966 931 3053 quicumque
951 2988 995 3052 es,
1014 2989 1109 3051 quae-

190 3147 203 3194 1
229 3140 335 3210 syderis
358 3147 410 3193 11³
517 3149 534 3195 4
557 3141 648 3214 hppr
675 3141 728 3215 hep
748 3142 798 3222 eq
823 3143 857 3209 cf.
876 3142 1008 3207 Hultscb,
1031 3142 1110 3196 Neue

98 3213 195 3267 Jahrb.
206 3217 269 3279 153,
279 3217 333 3267 309
387 3216 576 3281 5sequuntur
589 3218 642 3272 HQ
696 3213 823 3280 aradus,
836 3210 945 3268 corr.A'
1007 3211 1109 3266 11101-

100 3283 258 3352 lempnibus
276 3290 296 3336 P
315 3283 505 3353 solempnibus
525 3289 573 3344 αν
633 3290 666 3337 12
684 3283 799 3338 nuntiat
816 3289 863 3343 Pe
878 3286 882 3353 Ι
899 3283 1021 3352 dampna
1034 3289 1109 3343 PQV

101 3378 133 3426 17
153 3389 246 3441 nempe
263 3372 390 3427 renovati
461 3377 495 3426 20
513 3363 638 3442 ¹tempore
661 3363 756 3427 dieil’
842 3378 875 3425 21
894 3371 1046 3442 impeditus
1066 3372 1108 3444 A‘]

99 3442 227 3513 perditus
282 3449 315 3497 23
324 3446 381 3511 fait
390 3462 416 3498 a.
426 3445 452 3498 d.
464 3445 547 3500 XVI.
558 3445 612 3498 aar.
623 3445 695 3515 Aap.
707 3462 732 3498 a.
743 3448 797 3498 334
851 3449 885 3497 26
895 3442 1082 3498 erectionibus
1092 3466 1108 3498 a

100 3520 135 3568 29
154 3513 270 3584 collegit
287 3513 331 3587 A']
350 3514 460 3586 colligit
536 3520 570 3570 30
590 3514 782 3585 dispositionis
800 3515 829 3585 a]
849 3513 1049 3584 disputationis
