2408 3840
503 173 555 241 I‘l,
569 189 664 228 11—19.
958 151 961 156 .
1046 174 1089 237 23

83 318 230 384 Primum
253 318 365 402 itaque
388 319 496 384 locum
520 317 584 382 sibi
608 317 736 401 quietae
760 318 845 382 sedis
865 319 974 404 elegit,
997 323 1034 384 ut
1052 320 1147 385 eblo

87 407 174 472 omni
197 407 357 472 humanae
381 407 638 472 conversationis
663 406 803 490 strepitu
826 412 995 491 separatus
1014 407 1092 473 For·
1131 412 1133 415 ’

86 500 180 561 tunae
209 517 243 561 se
271 497 425 560 liberaret
448 496 584 579 invidia,
612 495 691 559 solis
718 495 846 560 divinae
873 497 1093 563 institutionis

85 589 256 650 vacaturus
276 585 471 670 insignibus,
493 589 531 649 ut
550 587 664 649 contra
682 583 832 648 fortunae
857 606 967 650 omnes
987 586 1092 650 minas

59 673 214 760 sintegro
242 695 276 738 se
304 677 337 737 et
364 674 552 757 incorrupto
580 673 742 757 praesidio
775 673 909 738 virtutis
942 679 1091 740 armaret.

85 762 153 827 Ista
175 763 285 846 itaque
309 763 505 827 confidentia
528 762 646 825 mentis
675 764 801 826 erectus
825 762 925 826 etiam
948 764 1093 847 corporis
1106 764 1146 827 16

86 852 136 915 sui
163 873 274 916 curam
303 851 539 936 tuitionemque
572 851 729 934 suscepit,
755 850 833 933 <et>
859 854 897 914 ut
927 850 1010 915 nihil
1031 874 1093 915 -va-

85 962 181 1005 cuum
208 962 247 1005 ac
274 940 396 1004 nudum
423 940 634 1023 relinqueret,
666 940 723 1002 ubi
752 959 785 1002 se
818 943 930 1022 posset
961 941 1094 1005 licentia

86 1029 247 1093 Fortunae
267 1029 440 1093 saevientis
460 1050 617 1111 exercere,
640 1026 674 1090 in
693 1027 817 1091 salubri
837 1050 871 1092 se
891 1049 928 1092 ac
947 1051 1028 1112 pura
1046 1051 1093 1093 re-

45 1117 193 1203 regionis
221 1121 313 1201 parte
341 1117 526 1198 const'tuit;
557 1139 633 1181 nam
667 1116 708 1180 ad
736 1116 956 1181 collocandam
984 1118 1092 1182 sedem

85 1228 256 1270 amoenum
276 1204 340 1270 sibi
360 1203 555 1290 Campaniae
575 1204 719 1270 civitatis
738 1204 844 1269 solum
863 1205 999 1290 elegisse
1020 1228 1092 1270 nar-

82 1299 187 1379 ratur,
210 1295 266 1358 ubi
291 1317 418 1379 semper
441 1295 525 1359 aeris
549 1293 660 1378 quieta
682 1293 862 1358 moderatio
887 1301 1021 1359 cunctos
1044 1294 1091 1358 in-

83 1384 168 1449 colas
202 1383 324 1448 salubri
356 1384 561 1469 vegetatione
596 1385 773 1465 sustentat,
809 1381 866 1446 ubi
902 1405 1007 1466 neque
1043 1384 1091 1448 vis

83 1473 199 1537 hiemis
232 1493 291 1536 nec
321 1472 492 1557 flagrantis
525 1472 604 1536 solis
635 1470 789 1551 accessio,
823 1472 879 1535 sed
912 1471 1092 1555 composita

44 1587 69 1627 1⁵
83 1561 255 1644 temperies
279 1583 318 1624 ex
340 1565 478 1644 utroque
502 1560 702 1641 moderatur,
729 1559 786 1622 ubi
810 1560 1012 1644 aegritudine
1036 1561 1093 1624 ali·

84 1671 147 1732 qua
169 1648 395 1713 laborantibus
414 1648 602 1713 hominibus
620 1648 804 1734 ingentium
823 1647 965 1712 fontium
984 1647 1091 1714 calore

83 1741 116 1800 et
139 1736 388 1801 fervescentium
412 1758 569 1820 aquarum
588 1737 724 1801 salutari
746 1736 892 1802 fomento
917 1738 1092 1803 conciliata

83 1826 206 1889 sanitas
228 1825 393 1908 irrigatur.
438 1824 510 1889 lllic
534 1824 731 1889 constitutus
759 1826 920 1890 honorum
944 1826 1086 1909 primum
1101 1831 1140 1895 17

83 1914 280 1997 contempsit
302 1914 445 1997 insignia
468 1912 542 1977 illos
566 1935 659 1977 veros
682 1913 822 1977 honores
841 1918 970 1997 putans,
994 1937 1089 1998 quos·

41 2029 69 2067 ao
84 2023 220 2087 cumque
250 2002 300 2066 illi
327 2001 471 2066 divinum
499 2001 688 2084 prudentiae
719 2002 946 2086 magisterium
979 2007 1091 2067 contu-

83 2090 183 2155 lisset.
217 2090 318 2155 Nulla
340 2090 433 2155 illum
457 2091 645 2154 divitiarum
667 2090 825 2154 desideria
849 2096 1010 2175 ceperant,
1035 2092 1098 2155 sed

82 2180 141 2244 has
173 2180 313 2264 putabat
345 2202 415 2244 esse
453 2179 596 2263 divitias,
635 2179 752 2263 quibus
790 2179 917 2242 animus
955 2183 1089 2244 ornatus

82 2272 247 2333 auctorem
271 2273 382 2352 posset
405 2268 555 2352 propriae
584 2268 720 2353 originis
748 2267 902 2332 invenire.
946 2267 1031 2334 Ecce
1055 2269 1142 2339 1118

83 2358 220 2441 quadam
244 2361 338 2440 parte
361 2356 519 2422 orationis
543 2379 633 2435 suae,
658 2357 742 2421 sicut
766 2354 847 2420 mihi
869 2357 1005 2441 videtur,
1032 2356 1090 2421 im-

41 2472 69 2512 as
82 2445 237 2529 providus
265 2449 298 2510 et
324 2445 487 2529 incautus,
518 2445 582 2509 vim
611 2445 722 2509 fatalis
749 2445 955 2510 necessitatis
980 2446 1091 2530 adgre-

83 2535 170 2598 ditur
194 2538 227 2599 et
253 2534 401 2599 homines
424 2535 588 2599 Fortunae
617 2535 746 2598 decreta
773 2538 954 2598 metuentes
978 2557 1090 2599 severa

83 2623 240 2688 orationis
269 2623 495 2708 obiurgatione
528 2623 681 2707 castigat,
713 2622 795 2686 nihil
827 2623 984 2706 potestati
1016 2625 1091 2688 stel-

82 2713 187 2777 larum
207 2713 362 2796 tribuens,
381 2712 463 2776 nihil
482 2711 625 2776 fatorum
643 2711 893 2776 necessitatibus
912 2734 1090 2797 reservans,

83 2802 138 2865 sed
165 2804 273 2864 toturn
302 2801 410 2865 dicens
438 2801 471 2864 in
501 2803 615 2865 nostra
646 2821 717 2864 esse
744 2800 887 2883 positum
918 2804 1090 2883 potestate.

40 2889 232 2974 soLongum
256 2893 306 2953 est
330 2911 528 2969 enumerare,
560 2888 637 2972 quid
665 2885 704 2952 de
732 2888 828 2953 rebus
853 2887 991 2973 singulis
1015 2911 1087 2952 sen·
1102 2896 1141 2960 19

83 2979 170 3062 serit,
194 3000 258 3061 qua
281 3000 316 3042 se
339 2979 464 3041 ratione
488 2977 580 3041 fatali
604 2978 685 3041 sorti
706 2978 913 3060 subtraxerit,
937 3000 1000 3061 qua
1022 2979 1090 3041 vim

171 3176 185 3223 ‘l
205 3173 292 3238 utque
310 3188 328 3221 v
345 3169 486 3223 undenos
505 3168 575 3241 <et>
590 3172 622 3222 ut
694 3175 709 3222 9
729 3184 840 3222 exerere
858 3174 881 3221 Δ
898 3169 974 3222 haud
991 3170 1090 3223 samus

80 3261 120 3296 aa
136 3243 224 3322 recte]
241 3239 401 3313 (Italicae)
420 3239 543 3309 regionis
562 3261 579 3294 κ
648 3246 679 3292 11
700 3240 846 3308 campanie
860 3244 883 3291 V
901 3247 968 3294 recte
986 3247 1017 3293 at
1034 3242 1088 3294 oid.

82 3319 115 3366 13
135 3315 317 3386 uptatronel’
373 3310 645 3380 14fraglantis11’
700 3317 732 3365 16
751 3309 909 3391 ingentium
926 3317 1089 3391 asspectum

81 3386 156 3439 Plan.
176 3388 247 3449 31,4
269 3399 408 3452 nusquam
429 3384 525 3435 tamen
547 3381 653 3452 largius
676 3399 761 3450 quam
783 3399 813 3434 1n
831 3380 938 3435 Baiano
957 3399 1020 3435 srnu
1043 3383 1089 3450 etl.

80 3456 242 3520 3111111111,Ι
264 3452 374 3524 ingenti
393 3471 408 3506 σ
493 3459 525 3506 18
544 3452 676 3524 primum]
699 3453 753 3506 PR.
773 3474 808 3507 κ-
866 3458 899 3505 22
918 3453 1027 3507 animus
1045 3453 1088 3525 Ν]

80 3525 264 3584 111111111Ρο
335 3529 369 3576 24
387 3523 551 3593 inprouidus
570 3529 591 3583 Q
662 3529 696 3577 25
715 3523 924 3594 aggreditur!
