2416 3840
466 184 506 238 III
521 189 545 254 7,
559 200 642 240 r-rs.
995 183 1058 248 159

51 333 175 418 gistros
200 335 256 395 aut
279 333 462 416 geometras
491 335 548 395 aut
571 329 758 414 astrologos
781 334 814 393 et
837 330 892 414 qui
917 329 1056 394 siderum

52 442 183 487 cursum
201 420 372 504 prudentia
390 417 644 502 eomputationis
663 418 843 500 inveniunt3
862 418 941 483 facit
959 414 1059 483 etiam

51 507 256 594 palaestricis
283 507 487 591 praepositos
515 512 548 571 et
575 529 687 572 eorum
717 507 825 571 duces.
870 506 993 583 Quodsi
1023 508 1112 572 in10

51 599 114 664 hoc
134 597 207 661 loco
226 595 405 661 Mercurius
427 596 555 680 positus
579 596 839 661 coniunctionem
859 596 967 660 Lunae
991 618 1058 661 ere-

26 686 173 756 sscentis
202 686 376 768 exceperit,
408 688 516 748 totum
547 706 664 767 corpus
695 683 837 749 hominis
865 684 948 748 albis
980 684 1060 749 facit

52 775 173 841 uariari
206 774 341 838 maculis
374 777 431 836 aut
464 772 549 857 [qui]
581 773 708 837 vitiosis
739 773 970 837 solitudinibus
999 773 1057 836 im·

18 935 22 946 ,
52 863 189 949 plicabit
216 862 391 927 secundum
418 868 569 926 naturam
598 863 854 946 qualitatemque
883 863 1058 947 signorum.

55 951 87 1018 si
116 973 192 1016 vero
220 952 266 1016 sie
294 950 457 1016 Mercurio
484 952 593 1034 posito
622 950 697 1035 [sic]
727 951 877 1015 deficiens
906 972 940 1015 se
968 950 1060 1014 Luna

55 1041 271 1123 coniunxerit,
304 1038 506 1105 dedecorosis
538 1038 704 1105 hominem
736 1039 970 1104 solitudinibus
1002 1040 1061 1103 im·

14 1130 188 1216 replicabit
220 1133 253 1193 et
285 1128 384 1192 faciet
411 1128 597 1212 frequenter
629 1151 648 1193 a
674 1132 767 1193 recto'
794 1129 920 1194 vivendi
949 1128 1060 1193 ordine

53 1219 272 1304 praeposteris
296 1216 476 1281 dementiae
501 1217 628 1281 casibus
652 1217 809 1281 aberrare.

141 1306 180 1371 In
200 1311 292 1371 sexto
311 1307 382 1370 loco
402 1307 442 1369 ab
461 1305 644 1390 horoscopo
661 1306 840 1371 Mercurius
861 1306 1059 1372 constitutus
1072 1308 1110 1370 11

53 1401 111 1461 001
134 1418 172 1460 ex
195 1394 290 1460 docta
312 1394 470 1459 facilitate
495 1395 652 1458 sermonis
677 1396 726 1458 sui
749 1395 849 1478 <aut>
872 1417 911 1458 ex
930 1395 1061 1458 advoca·

53 1484 143 1550 tione
175 1487 232 1548 aut
259 1505 298 1548 ex
324 1483 548 1568 negotiatione
580 1487 637 1546 aut
669 1506 707 1547 ex
736 1484 869 1548 deorum
902 1483 1060 1547 reditibus

15 1601 39 1641 rs
53 1573 154 1638 faciet
177 1572 342 1637 fortunam
366 1572 426 1636 sibi
451 1573 627 1636 maximam
650 1592 846 1655 comparare,
870 1571 1061 1654 praesertim

54 1663 82 1727 si
106 1662 153 1726 sic
175 1662 283 1744 posito
308 1661 468 1725 Mercurio
492 1663 526 1724 in
550 1659 674 1725 decimo
698 1661 738 1724 ab
761 1660 942 1743 horoscopo
966 1659 1060 1745 signo

54 1750 149 1816 stella
172 1748 236 1814 alia
260 1750 358 1814 fuerit
381 1749 521 1814 inventa.
568 1748 601 1813 Si
625 1772 701 1814 vero
729 1750 763 1813 in
785 1754 945 1814 nocturna
972 1748 1114 1833 geni-12

55 1845 129 1904 tura
156 1839 336 1920 matutinus
365 1839 398 1902 in
427 1842 517 1902 sexto
545 1837 617 1903 loeo
645 1837 745 1903 fuerit
772 1839 937 1921 inventus,
966 1839 1061 1901 inter·

55 1933 164 2012 protes
182 1929 363 2013 piscatores
384 1949 522 2010 aucupes
543 1928 722 2012 sculptores
738 1926 827 2012 facit,
845 1927 873 1991 si
893 1926 939 1990 sic
952 1926 1061 2009 posito

17 2043 42 2083 so
56 2016 217 2081 Mercurio
247 2016 310 2080 alia
338 2016 434 2080 stella
460 2016 493 2078 in
522 2016 646 2080 decimo
670 2016 838 2100 geniturae
866 2016 938 2079 loco
963 2015 1062 2079 fuerit

54 2106 196 2170 inventa.
242 2104 375 2170 sivero
404 2105 584 2169 matutinus
612 2105 646 2168 in
669 2108 828 2168 nocturna
851 2104 1002 2189 genitura
1028 2103 1062 2167 in

57 2197 149 2258 sexto
168 2193 240 2258 loco
263 2192 362 2258 fuerit
386 2194 583 2259 constitutus
607 2197 640 2257 et
659 2194 801 2258 decimus
821 2194 862 2257 ab
881 2193 1061 2277 horoscopo

54 2283 147 2346 locus
165 2282 288 2346 nullam
307 2282 435 2347 stellam
454 2281 583 2366 habeat,
602 2281 680 2347 facit
699 2281 860 2367 malignos
879 2281 1061 2346 malitiosos

56 2372 217 2436 malorum
241 2371 451 2436 consiliorum
474 2375 632 2455 auctores,
655 2370 743 2435 fures
766 2368 850 2455 [sed]
874 2375 907 2435 et
931 2371 986 2454 qui
1010 2391 1061 2434 res

15 2461 178 2526 scaliones
210 2458 319 2525 invido
351 2460 469 2524 mentis
503 2460 616 2525 ardore
648 2460 830 2524 desiderent
862 2466 895 2524 et
931 2461 986 2543 qui
1023 2459 1061 2524 de

56 2549 170 2613 alienis
194 2549 322 2614 casibus
348 2549 520 2634 gaudeant,
549 2549 709 2613 delatores
738 2552 771 2613 et
787 2550 851 2633 ‘qui
875 2549 996 2614 adfines
1026 2570 1062 2612 ac

54 2638 254 2722 propinquos
288 2658 364 2702 suos
398 2659 508 2702 omnes
542 2638 666 2702 acerbis
701 2637 784 2702 odiis
819 2642 1063 2722 persequantur,

54 2726 167 2811 pigros
195 2730 228 2790 et
253 2747 364 2790 caecos
388 2728 549 2791 mentibus
578 2731 612 2791 et
640 2727 758 2811 quibus
782 2727 891 2791 omnia
919 2727 1062 2790 malitiae

56 2836 176 2901 genera
199 2813 415 2879 conferantur.
462 2812 496 2879 Si
520 2837 595 2879 vero
620 2815 821 2899 vespertinus
847 2816 882 2879 in
904 2815 967 2879 boc
990 2815 1061 2878 loco
1074 2815 1115 2879 13

145 2975 159 3023 1
181 2969 337 3039 astralogos
356 2976 383 3022 11
402 2970 577 3051 austrologos
595 2977 615 3024 P
632 2974 635 3041 1
653 2971 782 3041 syderum
800 2976 852 3023 MP
909 2978 924 3024 t
943 2969 1063 3024 hominis

56 3041 128 3096 albis
144 3043 187 3111 (00
201 3040 296 3094 aluum
310 3043 365 3110 00.)
379 3044 414 3113 V]
434 3041 540 3095 homini
560 3041 669 3095 saluum
723 3049 739 3096 6
758 3042 807 3110 qui
826 3044 875 3095 del.
892 3061 908 3094 a
927 3044 1011 3110 atque
1026 3060 1043 3094 v

54 3110 213 3182 implicauit
231 3111 420 3181 (implicentur
437 3115 479 3183 V),
499 3129 565 3166 corr.
585 3131 604 3166 v
674 3113 746 3185 8si]
766 3113 846 3166 sicV
872 3115 875 3183 1
904 3112 944 3166 sic
962 3114 1012 3166 del.
1031 3117 1054 3164 Δ

58 3189 91 3237 10
111 3183 237 3237 ordinem
255 3189 293 3235 R·
348 3189 380 3237 12
399 3184 482 3238 Mero.
502 3183 538 3236 ab
557 3183 663 3238 boroso.
683 3190 706 3237 V
767 3189 800 3237 13
820 3182 939 3237 sermoni
957 3184 1003 3254 111
1021 3182 1064 3235 sui

56 3255 106 3309 det.
123 3253 233 3307 A'siue
252 3255 405 3310 Mommsen
434 3257 437 3325 1
467 3255 531 3308 aud.
550 3254 607 3307 VA'
682 3261 714 3309 15
734 3255 846 3308 fortuna
869 3254 924 3308 sibi
941 3253 1064 3307 maxima

57 3328 218 3398 comparatp
237 3331 316 3378 m
371 3330 404 3379 17
422 3328 559 3379 nocturno
578 3331 605 3377 11
668 3325 898 3380 2200001110οΒ
953 3331 986 3378 23
1005 3341 1064 3378 ma-

56 3397 205 3468 lignorum
224 3413 291 3451 corr.
308 3394 338 3449 A'
394 3403 428 3451 24
448 3397 496 3449 sed
515 3397 565 3450 olet.
585 3415 601 3449 a
656 3403 689 3451 26
709 3397 867 3451 delatrones
885 3396 1012 3468 1110000
1032 3412 1065 3450 00

56 3467 228 3538 propinquos
251 3473 274 3520 V
364 3474 396 3521 27
415 3470 608 3537 persequatur,
626 3472 693 3524 corr.
713 3466 743 3520 A‘
834 3474 867 3522 29
887 3467 1066 3522 conferantur

56 3547 208 3609 suspectum
227 3541 388 3608 competant
406 3539 525 3595 Mueller
