2416 3840
123 154 187 218 104
556 151 693 206 FIRMIGI

122 301 222 385 enim,
255 300 284 363 si
315 299 361 364 sic
394 298 492 362 fuerit
525 298 718 382 collocatus,
747 297 943 382 paralyticos
976 297 1132 363 ridiculos

123 389 241 474 gibbos
264 409 367 453 nanos
390 387 540 452 incurvos
568 385 818 451 hermefroditos
847 391 880 450 et
908 407 1132 471 quaecumque

123 478 174 541 his
199 482 274 542 sunt
297 476 430 561 similia,
458 475 602 541 decernit
625 480 733 540 autem
759 475 839 540 haec
863 475 1040 540 secundum
1064 497 1132 541 cor-

70 568 114 632 24
124 588 205 651 pora
223 567 391 650 signorum
410 569 506 649 atque
524 564 751 630 substantiam.
785 563 907 640 Quodsi
926 564 973 629 sic
989 562 1132 630 Saturno

123 655 232 740 posito
256 655 297 718 ab
321 675 358 718 eo
382 655 532 719 recedens
556 652 649 717 Luna
671 653 770 717 Marti
794 675 827 717 se
851 653 1069 737 coniunxerit,
1098 654 1134 718 in
1161 680 1171 721 s

123 743 291 808 nocturnis
320 741 444 807 scilieet
472 742 645 827 genituris,
677 741 776 806 faciet
807 741 939 806 insanos
969 742 1133 808 lunaticos

124 831 374 903 melancholicos
406 829 588 916 languidos.
634 830 758 906 Quodsi
790 831 836 894 sic
867 827 1026 894 Saturnus
1059 853 1134 896 con·

125 921 262 985 stitutus
294 920 329 984 in
355 923 515 984 nocturna
543 919 692 1003 genitura
718 918 754 983 in
781 923 924 983 extremo
953 941 1054 984 cornu
1081 920 1135 986 de-

124 1010 263 1074 ficientis
288 1007 398 1071 Lunae
421 1007 572 1085 haeserit,
595 1007 676 1072 facit
698 1007 843 1072 thisicos.

71 1098 114 1162 25
213 1097 253 1161 In
284 1097 453 1161 undecimo
485 1098 557 1160 loco
586 1094 746 1161 Saturnus
777 1097 817 1160 ab
844 1095 1027 1179 horoscopo
1060 1119 1134 1162 con·
1149 1124 1171 1164 rc

126 1185 262 1251 stitutus
291 1184 464 1249 mediocria
493 1185 636 1249 decernit
663 1185 762 1269 bona,
795 1189 827 1248 et
854 1186 981 1268 quando
1011 1185 1135 1269 aliquid

104 1321 105 1324 ,
127 1295 282 1360 magnum
305 1273 404 1338 fuerit
426 1274 575 1358 largitus,
599 1296 682 1357 eum,
706 1275 761 1357 qui
783 1277 879 1337 natus
903 1273 1010 1359 fuerit,
1035 1273 1071 1338 in
1095 1297 1135 1341 eo

125 1363 198 1428 loco
222 1367 255 1427 et
277 1363 310 1426 in
335 1384 372 1427 eo
392 1363 503 1427 ordine
527 1362 710 1444 collocabit,
733 1362 767 1426 in
787 1384 851 1446 quo
870 1360 933 1425 fuit
951 1367 1046 1444 pater
1064 1363 1135 1428 eius

111 1456 201 1516 'ante
226 1448 418 1533 collocatus,
447 1452 503 1515 sed
528 1455 606 1534 post
629 1451 834 1535 trigesimum
858 1450 974 1515 aetatis
999 1474 1135 1537 annum,

125 1563 202 1605 nam
231 1544 305 1604 ante
331 1541 536 1624 trigesimum
564 1541 681 1604 aetatis
710 1562 829 1603 annum
858 1539 1010 1623 quicquid
1040 1561 1171 1624 quae-15

127 1630 218 1693 sierit
242 1628 374 1712 amittit,
397 1650 455 1693 nec
473 1629 596 1712 poterit
615 1628 808 1713 dignitatem
828 1628 879 1693 vel
898 1629 1135 1712 patrimonium

127 1717 290 1801 consequi,
307 1718 370 1781 nisi
385 1718 490 1801 prima
504 1717 641 1801 triginta
656 1738 814 1781 annorum
831 1717 936 1799 spatia
955 1718 1134 1784 transierit

71 1809 115 1873 26
214 1806 253 1870 In
280 1806 468 1870 duodecimo
498 1807 569 1871 loco
595 1805 754 1871 Saturnus
782 1805 823 1869 ab
849 1805 1032 1890 horoscopo
1061 1829 1136 1873 con·

127 1896 263 1960 stitutus
282 1894 441 1958 tumultus
456 1895 583 1958 servilis
603 1895 790 1959 discrimina
809 1894 859 1958 vel
873 1899 1008 1979 propter
1021 1917 1133 1962 servos

125 1984 269 2069 pericula
288 1983 430 2048 decernit
454 1987 487 2047 et
506 1983 674 2068 distringit
693 1983 836 2067 servitio,
860 1983 915 2066 qui
935 1983 981 2048 sic
1000 2006 1076 2049 eum
1099 1986 1133 2050 in
1145 2012 1170 2052 ro

126 2074 277 2158 genitura
304 2071 455 2136 habuerit
483 2072 692 2156 collocatum,
722 2071 820 2136 faciet
848 2073 945 2137 etiam
973 2074 1133 2139 maximas

127 2161 360 2246 aegritudines,
392 2161 448 2225 sed
476 2165 508 2224 et
536 2159 730 2224 valitudines
760 2182 826 2225 non
854 2161 1010 2243 modicas,
1043 2185 1134 2247 prae·

127 2249 240 2313 sertim
264 2250 292 2313 si
316 2250 362 2314 sic
383 2248 521 2314 Saturno
545 2249 652 2332 posito
672 2248 764 2313 Luna
788 2271 827 2313 ex
850 2250 959 2335 aliqua
980 2256 1076 2335 parte
1099 2274 1133 2317 se

127 2338 329 2402 coniunxerit
360 2343 393 2402 et
421 2338 449 2401 si
477 2337 567 2401 nulla
595 2337 744 2402 benivola
775 2338 870 2404 stella
901 2337 936 2402 in
963 2340 1133 2424 geniturae

126 2426 308 2491 cardinibus
327 2425 426 2490 fuerit
445 2425 610 2490 collocata.
647 2425 734 2490 Nam
753 2427 782 2490 ri
800 2427 846 2491 sic
865 2428 973 2512 posito
990 2427 1133 2495 Saturno
1146 2452 1170 2494 ss

126 2513 278 2580 benivola
301 2513 395 2578 stella
418 2514 451 2578 in
471 2536 672 2598 quocumque
692 2516 861 2599 geniturae
880 2516 1009 2581 cardine
1032 2517 1133 2584 fuerit

126 2604 272 2688 inventa,
303 2603 382 2667 haec
410 2602 509 2686 mala,
541 2624 623 2686 quae
651 2603 804 2686 diximus,
834 2627 871 2668 ex
900 2609 992 2689 parte
1023 2607 1134 2691 aliqua

126 2691 332 2776 mitigantur3
361 2713 441 2774 quae
466 2692 574 2756 omnia
597 2691 729 2757 mitiora
751 2697 846 2757 erunt
875 2701 972 2776 atque
1000 2694 1134 2779 leviora,

126 2780 155 2846 si
177 2803 235 2865 per
253 2780 339 2844 diem
358 2778 514 2844 Saturnus
534 2780 581 2844 sic
600 2779 698 2845 fuerit
716 2782 876 2864 inventus,
898 2782 1038 2847 fortiora
1056 2806 1133 2850 vero

126 2874 159 2934 et
181 2869 430 2952 vehementiora,
455 2870 482 2933 ri
501 2870 602 2933 istum
621 2870 728 2934 locum
751 2869 785 2934 in
804 2874 963 2936 nocturna
980 2873 1135 2956 genitura

125 2957 314 3044 possederit.

215 3149 411 3220 lparaliticos
466 3152 591 3218 2natos,
606 3167 672 3205 corr.
688 3149 718 3203 A'
773 3152 843 3218 lcf.
858 3151 968 3218 IV9,4
1022 3152 1136 3223 filicet,

124 3240 192 3278 corr.
216 3220 246 3274 A'
333 3219 525 3289 8deficienti‚
549 3238 615 3275 corr.
636 3226 726 3277 Rrec.
745 3221 775 3273 A'
867 3221 1031 3292 tthysicos
1058 3229 1135 3278 nv

127 3299 159 3347 12
174 3293 337 3363 malignum,
352 3309 418 3346 corr.
429 3312 446 3345 κ
502 3299 533 3345 13
549 3291 707 3361 collocauit‚
721 3309 787 3347 corr.
798 3291 828 3345 A'
886 3299 917 3348 17
932 3293 1022 3363 primo
1036 3292 1132 3368 anbl

125 3363 289 3418 transiuerit
302 3369 377 3416 ΡΠ
395 3361 558 3417 transierint
573 3368 600 3414 H
673 3370 705 3418 19
724 3364 848 3417 tumultu
867 3364 1010 3433 sermonis,
1029 3382 1098 3421 corr.
1118 3382 1136 3420 σ

127 3441 160 3488 20
175 3434 298 3503 seruitia,
314 3452 381 3490 corr.
396 3454 412 3487 a
426 3435 498 3504 (fort.
515 3433 677 3505 adstringit)
731 3441 765 3489 23
780 3435 805 3489 si
818 3452 867 3491 orn.
883 3441 906 3487 V
960 3441 995 3489 24
1008 3435 1089 3490 nulla
1103 3437 1132 3509 κ]

126 3504 194 3558 luna
210 3509 214 3576 Ι
231 3504 314 3558 stella
332 3505 536 3574 inquocumque
554 3511 574 3558 Ρ
