2416 3840
123 176 184 241 188
553 176 691 231 FlRMlOI

121 323 294 407 horoscopi
317 321 415 386 fuerit
439 324 649 407 constitutus,
672 322 800 407 perficit
822 321 999 406 repentinis
1024 320 1132 386 oculo

121 433 194 474 rum
215 410 402 475 vulneribus
427 412 625 476 caecitatem.
672 411 706 476 si
730 433 805 476 vero
830 411 877 476 sic
895 409 988 474 Luna
1012 411 1132 474 consti-

122 504 194 563 tuta
217 499 304 564 Mars
328 499 362 563 in
385 504 477 583 parte
504 500 677 583 horoscopi
704 500 755 563 vel
778 500 813 563 in
840 499 934 584 signo
962 498 1062 562 fuerit
1085 498 1134 563 in·

121 591 246 671 ventus,
265 589 476 653 articulorum
495 590 623 654 dolores
642 588 694 653 vel
712 587 886 653 eiectiones
903 588 955 652 vel
968 587 1133 652 fracturas

122 675 229 759 faciet,
248 678 329 742 alios
345 678 543 742 aemorroica
556 677 744 742 valitudinis
760 677 954 741 adsiduitate
969 675 1133 740 debilitat
1160 701 1172 742 a

91 769 112 833 5
211 765 250 829 In
286 767 384 830 tertio
422 766 494 830 loco
527 765 619 830 Luna
656 766 697 830 ab
734 765 915 849 horoscopo
951 764 1135 829 constituta

123 858 261 918 matrem
284 854 463 938 ignobilem
485 854 536 918 vel
565 855 675 937 aliqua
697 853 849 918 infamiae
872 853 971 918 faciet
993 853 1135 916 macula-

122 943 211 1006 tione
234 941 404 1025 pollutam.
450 940 484 1007 si
507 965 582 1007 vero
605 943 640 1006 in
663 944 724 1006 hoc
747 944 817 1007 loco
842 964 915 1007 cum
933 942 1009 1006 love
1033 941 1135 1006 fuerit

123 1031 264 1111 inventa,
287 1031 348 1115 his,
372 1031 427 1114 qui
451 1031 497 1094 sic
521 1053 593 1095 eam
611 1030 794 1116 habuerint,
816 1030 878 1113 <a>
898 1031 1062 1095 fiscalibus
1082 1029 1136 1094 vel

124 1141 143 1182 a
167 1118 307 1201 publicis
331 1119 468 1183 annonis
491 1119 646 1182 alimenta
669 1119 863 1203 suppeditat.
902 1117 937 1183 si
960 1140 1037 1183 vero
1056 1117 1135 1184 Iove
1149 1145 1174 1184 ro

124 1210 158 1270 et
181 1205 273 1270 Luna
296 1207 330 1270 in
356 1206 419 1272 hoc
446 1208 518 1272 loeo
547 1207 735 1272 constitutis
758 1206 937 1272 Mercurius
962 1228 996 1271 se
1025 1207 1136 1290 aliqua

125 1294 306 1360 radiatione
331 1296 542 1377 coniunxerit,
566 1296 730 1360 antistites
754 1295 834 1361 facit
853 1297 1012 1361 maximae
1031 1295 1137 1360 ouius·

125 1384 198 1447 dam
223 1383 300 1448 deae
324 1383 375 1448 vel
401 1383 648 1469 potentissimae
675 1385 843 1470 religionis
868 1384 1053 1449 sacerdotes
1078 1387 1136 1448 aut

125 1471 352 1556 publicarum.
379 1523 385 1535 .
413 1473 648 1556 ‚dispositores
670 1473 721 1537 vel
745 1477 951 1538 correctores.
998 1470 1136 1537 sivero

126 1583 199 1625 cum
228 1560 319 1625 Luna
346 1561 381 1625 in
408 1561 470 1626 hoc
498 1563 569 1626 loco
603 1561 710 1626 Venus
738 1562 837 1626 fuerit
864 1563 1010 1645 inventa,
1041 1568 1135 1625 actus
1149 1584 1173 1627 rr

125 1649 293 1713 habebunt
316 1650 355 1712 de
378 1650 554 1734 pigmentis
579 1672 616 1715 ac
639 1651 677 1714 de
701 1651 901 1714 aromatibus
925 1655 981 1713 aut
1000 1649 1135 1714 devino

94 1742 182 1806 baut
205 1738 243 1801 de
267 1738 410 1803 floribus.
458 1735 493 1801 Si
517 1760 592 1802 vero
615 1739 650 1802 in
672 1744 832 1803 nocturna
850 1738 1001 1824 genitura
1018 1736 1053 1802 in
1071 1736 1137 1802 hoc

125 1827 197 1892 loco
228 1825 321 1890 Luna
353 1849 427 1891 cum
454 1825 594 1891 Saturno
627 1828 697 1892 solo
729 1827 828 1891 fuerit
859 1829 1005 1909 inventa,
1037 1825 1137 1891 faciet

125 1916 246 2000 tardos,
274 1915 330 1999 qui
353 1914 435 1979 nihil
459 1937 497 1978 ex
520 1915 584 1999 his,¹
613 1937 693 1999 quae
717 1917 864 2000 cupiunt,
893 1920 1136 1999 consequantur

127 2008 160 2068 et
185 2005 240 2087 qui
263 2004 345 2085 <de>
368 2004 582 2088 religionibus
607 2005 757 2069 omnibus
786 2005 944 2090 sacrilega
966 2003 1174 2088 proferant»

125 2094 224 2156 verba
248 2093 421 2175 atquibus
446 2091 515 2177 [det
539 2094 670 2176 quibus]
696 2094 828 2158 deorum
851 2093 900 2157 ira
926 2093 1068 2156 maxima
1091 2093 1137 2157 in·

126 2181 271 2245 fortunia
294 2180 510 2246 conferantur.
558 2179 592 2245 si
619 2204 696 2246 vero
724 2204 782 2266 per
810 2180 894 2246 diem
917 2182 951 2245 in
978 2180 1137 2246 hocloco

126 2267 218 2333 Luna
242 2291 314 2333 cum
344 2268 505 2334 Mercurio
535 2274 567 2333 et
594 2269 701 2334 Marte
733 2270 832 2335 fuerit
863 2270 1007 2354 invente,
1040 2268 1137 2334 sacri·

126 2357 231 2440 legos,
258 2359 456 2440 templorum
484 2359 686 2442 spoliatores,
716 2359 855 2424 iniustos
882 2359 1000 2442 impios
1029 2358 1137 2422 inreli-

128 2445 239 2528 giosos
261 2445 506 2528 homicidasque
528 2446 708 2529 perficient.
1150 2469 1175 2512 ro

98 2536 116 2598 7
217 2533 256 2597 ln
280 2538 396 2617 quarto
419 2535 492 2598 loeo
516 2536 556 2598 ab
575 2535 757 2619 horoscopo
780 2534 864 2599 idest
887 2534 922 2599 in
938 2531 1026 2599 IMO.
1044 2533 1139 2599 Luna

129 2622 308 2687 constituta
341 2622 369 2686 si
401 2645 458 2705 per
491 2623 575 2687 diem
608 2623 655 2687 sic
687 2624 785 2687 fuerit
818 2623 963 2708 invente,
998 2626 1138 2687 matrem

127 2711 306 2796 ignobilem
332 2710 476 2775 decernit
505 2714 538 2775 et
567 2733 649 2795 quae
677 2713 830 2776 maritum
859 2710 1069 2796 superstitem
1091 2734 1138 2776 re

127 2800 265 2883 linquat.
304 2797 365 2864 Sed
389 2804 422 2865 et
446 2800 474 2863 si
498 2799 657 2865 Saturnus
681 2801 716 2864 in
736 2801 801 2864 alio
819 2801 988 2885 geniturae
1008 2800 1138 2865 cardine

218 2954 427 3009 tdesectiones
451 2976 468 3010 κ
491 2957 525 3023 cf.
540 2961 587 3023 26,
601 2969 628 3006 ae
647 2958 770 3011 Maoetb.
789 2958 811 3010 I
825 2960 880 3010 136
952 2962 967 3009 9
988 2971 1005 3008 a
1023 2957 1087 3011 add.
1107 2955 1138 3009 A'

131 3033 163 3080 10
183 3043 200 3080 a
223 3043 272 3081 om.
292 3030 319 3077 Μ
409 3032 440 3079 11
460 3025 521 3080 loco
545 3033 637 3082 omv
663 3031 666 3099 Ι
692 3026 860 3082 constitutus
877 3032 947 3079 112⁸
1037 3033 1071 3080 12
1090 3043 1140 3080 an·

129 3098 210 3152 tistes
224 3102 321 3150 MVB⁸
380 3102 412 3150 13
432 3097 663 3167 potentissimam,
682 3116 749 3153 corr.
764 3117 782 3151 v
798 3100 801 3168 Ι
819 3097 1019 3166 sacerdotibus,
1038 3115 1107 3153 corr.
1122 3116 1140 3151 v

131 3175 163 3222 14
186 3186 210 3223 a.
234 3186 258 3238 p.
288 3167 511 3240 <pecuniarum>
537 3171 707 3237 ofi157,12.
735 3174 844 3235 181,24
871 3168 1055 3241 (rationum)
1082 3169 1141 3224 Νέ-

129 3242 217 3310 metby
246 3241 249 3309 l
280 3242 451 3308 correptores
474 3245 501 3292 11
596 3246 628 3293 16
653 3240 687 3293 de
709 3240 772 3294 vino
795 3238 839 3311 A']
863 3239 935 3293 deno
958 3241 1066 3310 (daiam
1089 3241 1139 3294 loc.

130 3315 201 3365 3-5
221 3312 272 3365 litt.
292 3312 323 3363 ta
341 3313 432 3380 Mdv)
452 3309 634 3379 οἰνεμπόρους
653 3312 724 3366 Ptol.
739 3315 823 3365 46'5
904 3317 936 3365 19
956 3310 1143 3380 cumpuniunt

129 3387 176 3434 PB
196 3379 367 3450 concupiunt
384 3387 407 3433 v
479 3387 512 3435 20
532 3382 566 3435 de
585 3383 648 3436 add.
666 3399 682 3436 σ
697 3384 701 3453 l
718 3381 801 3451 omni,
820 3398 919 3436 como
990 3387 1022 3436 21
1043 3383 1094 3436 del.
1108 3380 1139 3434 A‘

130 3459 164 3506 24
188 3450 374 3520 expoliatores
397 3457 424 3504 11
537 3458 570 3507 26
594 3470 650 3523 mc,
674 3470 741 3507 corr.
760 3470 779 3505 v
890 3457 923 3506 27
947 3451 1033 3506 fuerit
1054 3451 1095 3506 sic
1117 3457 1141 3505 V

130 3526 373 3576 mmmmm
