2416 3840
383 192 388 199 ·
466 172 505 226 ΠΙ
519 179 543 242 6,
558 187 653 229 as-ao.
999 174 1063 238 153

52 320 159 388 monii
197 323 372 406 augmenta
409 319 551 403 propriis
594 318 720 383 actibus
758 323 994 404 consequentur
1031 323 1064 384 et

55 414 153 476 erunt
180 409 220 473 ab
248 408 336 474 omni
364 408 519 472 vitiorum
546 407 619 471 labe
649 407 796 490 sepositi,
825 409 852 471 si
880 412 990 472 tamen
1018 409 1064 473 sic

56 498 270 564 constitutam
303 496 461 561 Venerem
495 518 568 561 cum
600 495 676 560 Iove
709 496 746 560 de
780 496 938 561 diametro
971 496 1064 561 Luna

56 587 148 652 nulla
167 587 345 651 radiatione
369 585 556 668 respexerit.
594 583 716 660 Quodsi
739 583 774 647 in
794 584 951 649 diametro
971 585 1064 651 Luna
1074 589 1117 653 28

30 676 158 742 tfuerit
176 676 316 758 inventa,
334 674 433 738 faciet
451 673 588 737 infames
608 672 799 736 libidinosos
820 678 876 737 aut
890 696 1064 757 puerorum

58 769 230 848 amatores,
254 768 287 827 et
310 785 349 827 ex
373 763 462 827 coitu
481 762 653 826 mulierum
672 761 848 846 †sudari0s
872 762 952 827 facit
975 765 1065 848 gravi

56 853 210 918 infamiae
228 852 352 936 pulsari
375 852 544 935 dedecore3
567 873 605 914 ex
623 850 756 915 incestis
781 851 866 914 enim
890 855 923 915 et
943 852 1065 936 stupris

58 965 97 1007 ex
116 943 182 1008 ista
201 939 431 1006 commixtione
450 961 566 1025 graves
587 940 802 1004 decernuntur
820 939 987 1026 infamiae,
1010 944 1066 1005 aut

58 1031 145 1096 enim
168 1052 241 1095 cum
261 1030 426 1094 sororibus
451 1033 507 1094 aut
525 1028 673 1093 novercis
697 1033 754 1092 aut
777 1028 906 1093 filiabus
930 1034 986 1093 aut
1004 1029 1067 1093 fra-

19 1146 44 1184 ιο
58 1124 146 1184 trum
178 1119 333 1183 uxoribus
371 1118 455 1183 coire
487 1121 661 1203 eoguntur,
695 1118 750 1181 sed
781 1117 993 1183 nihilominus
1027 1141 1065 1183 ex

58 1209 122 1273 isto
146 1209 270 1272 incesto
293 1207 383 1272 luera
406 1207 472 1270 illis
493 1206 636 1270 maxima
655 1206 831 1271 obveniunt
850 1211 883 1270 et
903 1208 1066 1272 confertur

59 1297 191 1382 aliquod
223 1296 375 1361 meritum
408 1295 588 1380 dignitatis.
640 1291 700 1358 Sed
734 1300 766 1359 et
800 1317 926 1380 semper
954 1296 1065 1360 Venus
1077 1299 1117 1363 29

59 1408 133 1450 eum
160 1384 253 1449 Luna
286 1384 383 1449 simul
414 1385 522 1468 posita
554 1387 611 1447 aut
638 1383 676 1447 de
706 1384 863 1466 quadrato
895 1384 1068 1449 coniuncta

60 1479 118 1538 aut
141 1473 261 1539 amoris
290 1473 469 1537 inlecebras
498 1476 554 1535 aut
582 1470 734 1536 infamiae
761 1472 869 1536 labem
896 1495 998 1557 prone
1021 1476 1067 1536 in-

20 1587 45 1627 ru
59 1563 217 1627 felicitate
241 1561 384 1626 decernit
411 1565 468 1624 aut
496 1561 620 1625 acerbis
645 1560 745 1625 animi
767 1560 856 1625 vitiis
886 1561 1067 1643 implicabit

61 1650 215 1715 sutfecit
233 1650 349 1734 inpura
372 1647 429 1714 aut
447 1649 621 1712 libidinosa
643 1648 820 1732 cupiditate
839 1654 1067 1733 praeposteros

61 1744 118 1804 aut
147 1760 185 1801 ex
208 1738 340 1802 incestis
369 1737 534 1802 amoribus
558 1737 649 1822 gravi
676 1738 786 1821 pulsat
812 1738 954 1802 infamia.
1002 1742 1068 1802 Aut

62 1827 158 1908 enim,
178 1827 261 1891 siout
275 1848 373 1910 supra
387 1825 536 1909 diximus,
553 1847 627 1890 cnm
641 1826 807 1891 sororibus
823 1831 940 1892 coeunt
954 1831 1020 1910 aut,
1040 1828 1068 1890 si

62 1916 184 1979 alienas
199 1937 217 1978 a
232 1936 358 2000 genere,
369 1916 447 1979 duas
457 1919 567 1979 tamen
576 1936 704 1980 sorores
719 1918 832 1997 stupro
843 1915 905 1979 sibi
920 1916 1067 2000 cognitas

20 2031 47 2070 20
62 2004 264 2089 coniungunt
284 2008 340 2068 aut
361 2025 432 2068 oum
447 2004 576 2067 filiabus
593 2003 727 2068 coibunt
745 2008 802 2066 aut
822 2025 894 2067 cum
909 2003 1068 2068 matribus

63 2096 121 2157 aut
145 2114 217 2157 cum
240 2092 375 2156 nuribus
400 2095 456 2156 aut
479 2114 552 2157 cum
576 2092 800 2177 privignorum
826 2091 986 2172 uxoribus,
1012 2097 1069 2156 aut

62 2182 149 2247 cirea
168 2181 307 2245 fratrum
326 2203 443 2246 uxores
463 2180 543 2245 vitio
563 2180 755 2245 libidinosae
775 2179 962 2265 cupiditatis
983 2182 1070 2246 arde-

63 2272 154 2354 bunt,
165 2270 236 2355 [aut
251 2269 426 2354 matribus]
437 2274 494 2333 aut
503 2268 619 2354 (oum)
628 2269 775 2334 novercis
786 2269 919 2333 coibunt
930 2275 986 2333 aut
997 2292 1069 2335 oum

64 2360 223 2424 adfinibus
248 2359 320 2443 [aut
339 2382 411 2424 oum
431 2359 611 2439 sororibus]
636 2362 693 2422 aut
717 2380 789 2422 cum
812 2380 959 2422 sororum
982 2359 1069 2424 filiis.

21 2472 48 2514 25
65 2446 100 2512 Si
115 2471 190 2512 vero
207 2449 324 2512 mulier
343 2448 389 2512 sic
404 2446 562 2512 Venerem
581 2447 733 2512 habuerit
753 2447 953 2531 collocatam,
971 2446 1068 2513 faciet
1078 2449 1121 2514 30

62 2537 272 2601 libidinosam
299 2541 332 2602 et
359 2559 441 2622 quae
468 2536 662 2621 promiscuis
695 2536 815 2600 amoris
843 2537 1067 2621 voluptatibus

63 2626 262 2710 implicetur,
296 2627 351 2690 sed
383 2648 509 2709 semper
537 2624 689 2689 infamiae
721 2624 794 2689 labe
821 2647 1007 2708 possessam
1037 2631 1069 2690 et

62 2715 196 2779 incestis
221 2715 386 2779 amoribus
410 2718 626 2795 aestuantem,
654 2713 783 2796 etipsa
806 2714 890 2777 enim
916 2719 972 2778 eut
996 2737 1069 2779 cum

63 2803 221 2867 fratribus
241 2803 307 2867 suis
329 2803 430 2868 coibit
451 2807 508 2866 aut
527 2824 601 2867 cum
618 2801 695 2865 filiis
715 2806 772 2865 aut
791 2824 863 2866 cum
882 2803 1069 2883 parentibus

19 2897 121 2958 aeaut
141 2914 214 2956 cum
232 2895 423 2974 patruorum
441 2891 518 2954 filiis
538 2895 594 2954 sut
614 2912 687 2955 oum
705 2890 846 2954 filiarum
865 2891 991 2955 maritis
1014 2896 1070 2956 aut

155 3072 168 3119 1
189 3067 386 3134 consequetur,
408 3080 476 3118 corr.
500 3081 518 3115 v
607 3070 623 3118 6
643 3062 776 3133 cogitur
866 3069 881 3116 7
904 3079 937 3117 ex
959 3063 1070 3132 stupris,

63 3155 131 3194 corr.
156 3136 186 3190 A‘
277 3142 301 3190 9.
313 3141 346 3189 10
369 3135 489 3188 fratrum
511 3133 644 3188 uxoribus
668 3136 694 3206 σ]
723 3133 857 3188 fratribus
949 3140 981 3188 10
999 3134 1071 3187 nihil

66 3244 195 3300 omnibus
209 3249 264 3296 HR
289 3260 321 3297 ss.
338 3246 350 3296 t
368 3241 398 3294 ni
416 3258 502 3310 ssuprc
520 3241 573 3294 bus
645 3247 676 3295 11
696 3219 803 3297 incestd
817 3241 852 3311 V]
871 3240 977 3294 incerto
992 3245 1070 3293 HPR

65 3323 106 3371 14.
120 3322 150 3370 15
171 3315 319 3383 felicitate,
338 3331 406 3367 corr.
421 3333 438 3366 a
493 3317 525 3365 16
544 3312 744 3381 praeposteris,
763 3328 830 3366 corr.
846 3316 869 3362 V
925 3317 957 3364 19
977 3311 1071 3381 cogni-

63 3392 108 3442 tas
127 3388 155 3459 a]
176 3388 293 3456 cogente
357 3390 391 3437 20
410 3383 499 3436 fiabus
517 3389 541 3435 R
612 3389 646 3436 23
665 3385 709 3437 tic
726 3390 751 3437 ct
768 3385 847 3449 iustu
865 3383 914 3436 del.
934 3399 972 3436 κσ
988 3384 992 3453 Ι
1009 3399 1071 3437 eum

63 3460 127 3514 add.
148 3457 176 3511 A'
251 3463 285 3510 24
304 3458 439 3528 sororum]
458 3453 598 3508 sororibus
617 3459 644 3505 Η
716 3461 749 3508 26
767 3452 950 3523 praemiscuis
969 3459 1044 3506 ΡΠ
1065 3455 1068 3527 l

64 3529 215 3597 amoribus,
234 3545 301 3583 corr.
321 3527 385 3582 seur
456 3531 489 3580 28
509 3528 538 3579 et
556 3542 605 3579 orn.
624 3530 647 3577 V
664 3527 667 3597 l
684 3541 747 3579 oum
765 3542 814 3580 oni.
835 3529 854 3576 Ρ
