2416 3840
473 222 513 276 III
527 229 568 292 12,
583 231 687 295 rr-13‚
702 242 724 281 4.
1014 229 1076 294 187

404 399 492 467 XIIL
526 402 584 468 DE
608 403 740 470 LUNA.

155 526 248 592 Luna
275 528 310 591 in
337 525 518 611 horoscopo
546 528 709 610 partiliter
737 531 918 596 constituta
944 532 978 596 in
1002 534 1104 598 noc-l

66 621 164 682 tuma
191 615 342 701 genitura
370 615 398 679 si
424 615 521 699 plena
550 620 584 680 et
609 616 644 681 in
674 617 790 702 quibus
821 620 941 703 gaudet
971 621 1074 706 signis

37 754 39 759 ,
67 704 165 770 fuerit
188 705 328 790 inventa,
356 702 491 789 grandia
514 704 665 771 fortunae
691 706 891 773 incrementa
919 709 1075 795 decemit3

39 793 222 879 apraeponi
244 793 402 858 fratribus
429 791 510 857 facit
537 796 570 857 et
598 798 705 858 aetate
734 817 860 879 semper
888 801 921 860 et
949 797 1074 863 merito.

67 881 102 949 si
126 904 200 948 vero
224 904 281 965 per
305 882 389 945 diem
412 880 446 945 in
464 880 527 945 hoc
545 882 616 946 loeo
635 883 799 967 partiliter
815 883 915 949 fuerit
933 885 1075 973 inventa,

64 973 299 1058 gubernatores
332 969 491 1034 maiorum
522 970 655 1034 navium
686 971 793 1037 faciet.
849 971 884 1037 Si
916 995 992 1039 vero
1025 975 1105 1042 sio?

63 1083 122 1144 per
148 1061 234 1124 diem
257 1058 348 1124 Luna
376 1059 556 1123 constituta
583 1060 684 1124 alium
710 1060 879 1145 geniturae
908 1063 1072 1127 cardinem

63 1149 151 1214 Mars
181 1146 403 1231 Saturnusque
427 1147 649 1232 possederint,
681 1149 766 1213 idest
793 1150 821 1214 si
850 1150 883 1214 in
914 1152 1072 1235 quadrato

19 1239 114 1309 10vel
138 1237 295 1302 diametro
319 1236 370 1301 vel
393 1237 421 1300 si
445 1258 518 1301 cnm
544 1236 616 1320 ipsa
638 1237 761 1302 fuerint
788 1238 925 1323 inventi,
952 1239 1072 1306 facient

61 1327 187 1412 piratas
206 1324 327 1391 crudeli
346 1324 485 1389 feritatis
504 1325 676 1390 atrocitate
695 1325 837 1392 famosos
858 1331 914 1392 aut
933 1328 1072 1394 inacces-

62 1426 173 1480 sorum
190 1414 339 1480 locorum
357 1413 559 1496 praepositos
574 1413 705 1479 iudices.
743 1413 778 1479 Si
792 1436 867 1479 vero
882 1415 928 1480 sic
944 1415 1070 1482 Lunam

61 1503 204 1588 positam
223 1525 296 1567 cum
315 1501 476 1566 malivolis
495 1502 584 1565 nulla
602 1502 753 1567 benivola
771 1503 867 1567 stella
885 1506 1071 1590 respexerit,

62 1613 132 1670 eos,
165 1592 219 1677 qui
246 1590 315 1655 nati
343 1589 478 1672 fuerint,
510 1590 609 1654 faciet
637 1590 753 1674 exponi
782 1595 838 1654 aut
865 1592 954 1655 nulla
985 1593 1071 1658 vitae

16 1711 46 1752 15
60 1685 209 1764 tempora
231 1679 375 1744 decernit
398 1683 431 1743 et
454 1678 568 1743 statim
591 1678 690 1744 faciet
711 1679 844 1744 interire
869 1683 925 1744 aut
947 1681 1069 1746 malum

61 1769 147 1835 vitae
169 1770 267 1834 finem
290 1768 581 1850 biothanatumque
605 1768 757 1832 decernit.

149 1857 188 1922 In
211 1857 349 1922 secundo
373 1856 444 1921 loeo
464 1855 557 1920 Luna
576 1857 617 1920 ab
635 1856 817 1939 horoscopo
836 1857 1016 1921 constituta
1035 1859 1100 1924 in3

59 1949 220 2012 nocturna
243 1945 393 2031 genitura
420 1945 524 2010 claros
552 1948 585 2008 et
608 1944 787 2028 perspicuis
811 1945 938 2010 actibus
961 1945 1069 2029 faciet,

61 2036 117 2101 sed
140 2035 323 2100 luxuriosos
348 2038 380 2097 et
404 2032 547 2098 amoenis
567 2033 754 2097 deliciarum
772 2033 997 2117 voluptatibus
1017 2036 1067 2099 de-

15 2154 46 2193 11
61 2124 149 2189 ditos
172 2128 205 2197 et
229 2121 346 2207 quibus
370 2122 473 2186 maior
495 2121 685 2204 patrimonii
708 2121 891 2185 substantia
913 2143 1068 2206 processu

61 2210 217 2294 temporis
246 2211 437 2275 conferatur.
484 2208 617 2275 sivero
644 2231 702 2293 per
730 2208 814 2274 diem
841 2209 876 2274 in
903 2209 965 2276 hoc
994 2211 1099 2277 loco4

60 2300 160 2365 fiterit
178 2301 319 2383 inventa,
343 2306 398 2362 aut
417 2299 529 2362 statim
548 2304 697 2380 parentes
712 2297 871 2362 interimit
886 2302 942 2362 aut
959 2299 1066 2383 ipsum

60 2412 80 2453 a
104 2389 292 2472 parentibus
316 2386 430 2451 dividit
458 2391 514 2451 aut
540 2390 690 2470 parentes
713 2386 793 2451 facit
816 2387 976 2453 dissoluto
1000 2411 1065 2453 ma·

59 2478 214 2542 trimonio
238 2476 381 2561 separari
400 2479 432 2539 et
451 2475 638 2559 patrimonii
657 2475 875 2540 substantiam
893 2477 984 2542 vario
1002 2477 1065 2542 iac-

14 2570 207 2636 saturarum
231 2586 346 2650 genere
371 2565 486 2647 minui3
510 2564 566 2628 alii
590 2562 637 2628 sic
659 2563 815 2628 habentes
839 2562 964 2629 Lunam
988 2566 1067 2630 assi-

59 2654 132 2719 duis
154 2653 470 2738 peregrinationibus
499 2653 698 2736 occupantur
725 2657 758 2716 et
785 2656 876 2717 actus
906 2674 981 2718 suos
1008 2676 1067 2738 per

59 2744 165 2808 multa
188 2741 335 2806 dividunt
357 2741 442 2826 loca3
465 2742 521 2806 sed
543 2741 646 2806 vitam
670 2763 781 2805 eorum
800 2742 900 2805 talem
918 2741 1006 2819 facit,
1030 2748 1067 2806 ut

59 2831 157 2897 alicui
180 2830 337 2915 potestati
361 2830 535 2894 subiaceat.
583 2829 617 2893 Si
641 2829 772 2894 veroin
796 2828 858 2893 hoo
877 2830 949 2894 loco
968 2830 1068 2894 fuerit

59 2921 186 2985 minuta
209 2918 387 2983 luminibus
415 2922 448 2981 et
472 2915 631 2982 Saturnus
660 2918 694 2980 in
721 2921 814 3001 parte
838 2917 889 2981 vel
912 2918 945 2980 in
972 2917 1065 3002 signo

150 3079 279 3134 111111
302 3074 336 3127 de
358 3073 426 3126 luna
444 3073 473 3126 in
496 3073 598 3142 quibus
620 3065 690 3127 locis
712 3071 805 3142 posita
828 3074 857 3125 et
880 3089 943 3125 cum
966 3072 1067 3140 quibus

58 3147 143 3202 astris
158 3144 312 3200 constituta
327 3143 395 3213 quid
409 3143 497 3198 faciat
510 3151 532 3197 V
596 3150 611 3198 5
631 3159 738 3213 semper
751 3141 884 3196 fratribus
899 3148 922 3194 V
983 3148 999 3196 8
1018 3159 1068 3212 per

58 3218 134 3272 diem
157 3216 197 3270 sic
215 3222 238 3268 V
345 3222 360 3269 9
380 3215 546 3284 possederit,
570 3232 638 3271 corr.
657 3213 687 3267 A'
798 3219 830 3266 10
848 3212 929 3282 ipsis,
953 3230 1020 3269 corr.
1036 3213 1066 3267 A‘

60 3296 92 3344 11
120 3291 236 3359 pyratas
259 3292 286 3339 11
401 3292 433 3339 12
461 3302 527 3340 uero
555 3303 605 3340 om.
624 3291 651 3338 11
754 3289 788 3337 14
814 3283 931 3352 facient,
959 3301 1027 3340 corr.
1050 3303 1068 3338 v

60 3366 93 3415 18
111 3362 212 3415 noctur
225 3359 256 3411 in
269 3359 323 3426 fine
337 3358 385 3410 lin.
400 3362 427 3409 11
443 3360 447 3426 l
463 3356 624 3426 perspicuos
637 3353 667 3408 A'
731 3360 763 3408 19
782 3354 934 3409 luxoriosos
949 3361 983 3408 pa
999 3357 1003 3428 Ι
1019 3373 1067 3410 uo·

58 3430 187 3502 luptibus
201 3435 228 3482 11
312 3434 347 3481 24
365 3427 533 3496 substantia,
552 3445 620 3482 corr.
640 3432 661 3485 (1
706 3442 772 3479 uero
791 3427 851 3496 (om.
866 3429 907 3495 V),
927 3443 994 3482 corr.
1009 3426 1039 3480 A'
1061 3427 1065 3499 Ι

58 3501 216 3557 iaturarum
233 3505 280 3553 PB
365 3504 399 3552 25
419 3499 469 3553 alii
487 3519 504 3553 κ
528 3500 561 3566 cf.
578 3503 641 3564 148,
654 3511 681 3548 30
712 3496 783 3550 tales
870 3502 903 3550 18
923 3497 1032 3552 alienae
1050 3519 1067 3553 κ

58 3579 93 3629 29
113 3572 159 3626 uel
177 3570 208 3624 in
224 3572 305 3640 parte
323 3575 346 3621 V
