2408 3840
515 833 685 908 Index.

559 995 639 1004 —-—-=

96 1097 254 1167 Incipiunt
276 1096 413 1167 capitula
435 1097 589 1152 librorum
610 1095 780 1182 matheseos
803 1093 879 1148 Iulii
897 1093 1023 1148 Flumici
1041 1093 1102 1150 hIa·

166 1186 249 1241 terni
266 1185 403 1241 iunioris
421 1186 457 1242 V.
477 1184 509 1240 0.

77 1311 226 1364 ‚Primus
245 1310 334 1366 liber
352 1310 502 1380 epistolam
519 1310 608 1363 habet
625 1308 694 1376 quid
713 1308 751 1362 sit
768 1309 911 1363 mathesis

97 1399 272 1453 Secundus
290 1400 379 1454 habet
397 1400 431 1453 de
450 1398 598 1453 duodecim
617 1397 712 1468 signis.

201 1489 235 1543 Π.
254 1488 296 1542 De
315 1488 443 1542 domibus
462 1487 615 1542 stellarum.

191 1578 237 1632 HI.
256 1577 298 1630 De
317 1576 523 1630 altitudinibus.

191 1665 237 1720 IV.
256 1665 298 1720 De
315 1663 532 1719 humilitatibus.

205 1752 239 1807 V.
257 1753 299 1806 De
319 1753 440 1807 decanis.

193 1840 239 1894 VI.
257 1841 299 1896 De
316 1841 444 1911 partibus
463 1842 611 1913 signorum.

180 1930 239 1984 VH.
257 1930 299 1984 De
317 1930 426 1987 finibus.
1118 1951 1143 1989 10

166 2019 236 2074 VIII.
256 2020 298 2075 De
317 2019 406 2074 stellis
424 2038 496 2090 quae
514 2038 564 2092 per
583 2020 657 2074 diem
676 2037 748 2088 quae
764 2036 814 2090 per
827 2023 938 2074 noctem
952 2019 1102 2089 gaudeant.

189 2109 233 2164 IX.
254 2108 409 2163 Deformis
429 2109 581 2163 stellarum.

200 2194 233 2252 X.
252 2198 294 2251 De
313 2201 376 2252 ortu
395 2198 548 2252 stellarum.

188 2286 234 2340 XI.
252 2287 294 2340 De
313 2287 392 2340 Luna
411 2286 479 2355 quid
498 2287 544 2340 cui
563 2291 639 2342 astro
659 2305 687 2342 se
707 2288 825 2358 iungens
845 2287 991 2358 significet.

177 2374 234 2428 XII.
254 2375 295 2428 De
314 2375 404 2429 stellis
424 2376 536 2444 quando
556 2376 612 2431 sint
630 2377 793 2432 matutinae.
1118 2395 1142 2433 15

161 2463 233 2518 XHI.
251 2465 294 2519 De
313 2465 483 2520 scematibus
503 2465 655 2521 stellarum.

161 2553 232 2608 XIV.
252 2553 294 2608 De
320 2553 444 2608 moribus
473 2555 619 2608 stellarum
647 2559 675 2609 et
702 2572 756 2623 quo
782 2559 906 2625 tempore
937 2573 1006 2622 quas
1032 2554 1102 2608 vires

252 2642 385 2695 habeant.

178 2730 236 2784 XV.
256 2731 297 2784 De
316 2729 405 2784 stellis
425 2731 536 2798 quando
551 2730 608 2785 sint
622 2722 905 2799 matutinae'quando
919 2732 1101 2801 vespertinae.

165 2819 236 2873 XVI.
255 2820 297 2873 De
314 2819 438 2873 moribus
458 2819 600 2889 signorum
619 2822 648 2873 et
661 2823 763 2873 natura
778 2823 806 2873 et
821 2820 943 2873 anaforis
959 2824 987 2874 et
1000 2821 1102 2889 quibus
1117 2841 1142 2878 so

254 2908 343 2962 ventis
363 2908 562 2963 subiactentur.
824 2895 826 2898 ’

149 2997 234 3051 XVII.
253 2997 295 3051 De
314 2987 592 3052 duodeohatemoriis.

136 3085 235 3141 XVIII.
255 3086 296 3140 De
315 3088 377 3140 octo
395 3085 465 3140 locis
484 3089 513 3140 et
531 3087 700 3142 cardinibus.

184 3305 197 3352 1
218 3301 341 3355 Iudicem
358 3301 494 3355 edidimus
511 3318 545 3354 ecc
558 3306 647 3369 ΜΠ,
667 3319 716 3355 om.
727 3307 755 3369 P,
774 3302 882 3356 dic-ersa
900 3302 978 3355 habet
1001 3306 1021 3360 Q
1040 3308 1102 3355 ante

93 3371 178 3426 libros
195 3372 234 3425 II
248 3379 273 3427 et
286 3373 343 3426 ΙΙΙ
391 3378 408 3424 4
426 3371 514 3425 habet
532 3389 581 3426 cos.
597 3378 619 3423 V
675 3380 706 3425 11
727 3372 801 3425 diem
820 3374 903 3444 quae]
924 3371 997 3426 diem
1017 3376 1066 3426 aut
1079 3379 1102 3424 V

92 3447 127 3496 22
147 3441 203 3495 duo
222 3442 425 3497 dechatemoris
440 3448 466 3494 ut
