<?xml version="1.0" encoding="UTF-8"?>
<!DOCTYPE html PUBLIC "-//W3C//DTD XHTML 1.0 Transitional//EN"
    "http://www.w3.org/TR/xhtml1/DTD/xhtml1-transitional.dtd">
<html xmlns="http://www.w3.org/1999/xhtml" xml:lang="en" lang="en">
 <head>
  <title>
</title>
<meta http-equiv="Content-Type" content="text/html;charset=utf-8" />
  <meta name='ocr-system' content='tesseract 3.04.00' />
  <meta name='ocr-capabilities' content='ocr_page ocr_carea ocr_par ocr_line ocrx_word'/>
</head>
<body>
  <div class='ocr_page' id='page_1' title='image "./iuliifirmicimat00mategoog_0276.png"; bbox 0 0 2416 3840; ppageno 0'>
   <div class='ocr_carea' id='block_1_1' title="bbox 521 145 1111 216">
    <p class='ocr_par' dir='ltr' id='par_1_1' title="bbox 521 145 1111 216">
     <span class='ocr_line' id='line_1_1' title="bbox 521 145 1111 216; baseline 0.003 -17"><span class='ocrx_word' id='word_1_1' title='bbox 521 145 616 216; x_wconf 77' lang='lat' dir='ltr'><strong>iuro,</strong></span> <span class='ocrx_word' id='word_1_2' title='bbox 632 163 699 202; x_wconf 65' lang='lat'><strong>1-2.</strong></span> <span class='ocrx_word' id='word_1_3' title='bbox 1047 147 1111 212; x_wconf 76' lang='lat'><strong>259</strong></span> 
     </span>
    </p>
   </div>
   <div class='ocr_carea' id='block_1_2' title="bbox 61 289 1168 2854">
    <p class='ocr_par' dir='ltr' id='par_1_2' title="bbox 61 289 1168 2854">
     <span class='ocr_line' id='line_1_2' title="bbox 107 289 1113 377; baseline -0.001 -20"><span class='ocrx_word' id='word_1_4' title='bbox 107 290 275 357; x_wconf 89' lang='lat' dir='ltr'><strong>enneadici</strong></span> <span class='ocrx_word' id='word_1_5' title='bbox 290 290 503 375; x_wconf 77' lang='lat' dir='ltr'><strong>appellantur,</strong></span> <span class='ocrx_word' id='word_1_6' title='bbox 522 289 634 377; x_wconf 86' lang='lat' dir='ltr'><strong>gravia</strong></span> <span class='ocrx_word' id='word_1_7' title='bbox 657 290 801 375; x_wconf 89' lang='lat' dir='ltr'><strong>pericula</strong></span> <span class='ocrx_word' id='word_1_8' title='bbox 823 290 1010 357; x_wconf 87' lang='lat' dir='ltr'><strong>hominibus</strong></span> <span class='ocrx_word' id='word_1_9' title='bbox 1033 313 1113 357; x_wconf 89' lang='lat' dir='ltr'><strong>sem·</strong></span> 
     </span>
     <span class='ocr_line' id='line_1_3' title="bbox 107 377 1112 466; baseline 0.001 -22"><span class='ocrx_word' id='word_1_10' title='bbox 107 401 166 466; x_wconf 88' lang='lat' dir='ltr'><strong>per</strong></span> <span class='ocrx_word' id='word_1_11' title='bbox 189 378 343 463; x_wconf 91' lang='lat' dir='ltr'><strong>indicunt,</strong></span> <span class='ocrx_word' id='word_1_12' title='bbox 368 377 445 462; x_wconf 90' lang='lat' dir='ltr'><strong>quid</strong></span> <span class='ocrx_word' id='word_1_13' title='bbox 467 378 565 444; x_wconf 86' lang='lat' dir='ltr'><strong>faciet</strong></span> <span class='ocrx_word' id='word_1_14' title='bbox 587 377 707 452; x_wconf 86' lang='lat' dir='ltr'>LXIII.</span> <span class='ocrx_word' id='word_1_15' title='bbox 730 401 841 464; x_wconf 88' lang='lat' dir='ltr'><strong>annus,</strong></span> <span class='ocrx_word' id='word_1_16' title='bbox 865 380 921 464; x_wconf 93' lang='lat' dir='ltr'><strong>qui</strong></span> <span class='ocrx_word' id='word_1_17' title='bbox 943 380 1112 465; x_wconf 88' lang='lat' dir='ltr'><strong>utriusque</strong></span> 
     </span>
     <span class='ocr_line' id='line_1_4' title="bbox 106 466 1113 553; baseline -0.001 -20"><span class='ocrx_word' id='word_1_18' title='bbox 106 466 235 533; x_wconf 88' lang='lat' dir='ltr'><strong>numeri</strong></span> <span class='ocrx_word' id='word_1_19' title='bbox 256 467 508 552; x_wconf 78' lang='lat' dir='ltr'><strong>multiplicatam</strong></span> <span class='ocrx_word' id='word_1_20' title='bbox 532 471 565 534; x_wconf 92' lang='lat' dir='ltr'><strong>et</strong></span> <span class='ocrx_word' id='word_1_21' title='bbox 588 466 725 533; x_wconf 86' lang='lat' dir='ltr'><strong>invicem</strong></span> <span class='ocrx_word' id='word_1_22' title='bbox 754 466 816 532; x_wconf 93' lang='lat' dir='ltr'><strong>sibi</strong></span> <span class='ocrx_word' id='word_1_23' title='bbox 840 468 1020 553; x_wconf 79' lang='lat' dir='ltr'><strong>obligatam</strong></span> <span class='ocrx_word' id='word_1_24' title='bbox 1042 491 1113 553; x_wconf 87' lang='lat' dir='ltr'><strong>per-</strong></span> 
     </span>
     <span class='ocr_line' id='line_1_5' title="bbox 105 554 1111 642; baseline 0.001 -21"><span class='ocrx_word' id='word_1_25' title='bbox 105 557 176 622; x_wconf 88' lang='lat' dir='ltr'><strong>ficit</strong></span> <span class='ocrx_word' id='word_1_26' title='bbox 196 554 378 622; x_wconf 84' lang='lat' dir='ltr'><strong>summam?</strong></span> <span class='ocrx_word' id='word_1_27' title='bbox 401 555 472 621; x_wconf 92' lang='lat' dir='ltr'><strong>Hac</strong></span> <span class='ocrx_word' id='word_1_28' title='bbox 491 578 530 621; x_wconf 87' lang='lat' dir='ltr'><strong>ex</strong></span> <span class='ocrx_word' id='word_1_29' title='bbox 548 577 645 622; x_wconf 92' lang='lat' dir='ltr'><strong>causa</strong></span> <span class='ocrx_word' id='word_1_30' title='bbox 660 556 700 621; x_wconf 92' lang='lat' dir='ltr'><strong>ab</strong></span> <span class='ocrx_word' id='word_1_31' title='bbox 717 554 923 642; x_wconf 83' lang='lat' dir='ltr'><strong>Aegyptiis</strong></span> <span class='ocrx_word' id='word_1_32' title='bbox 943 557 1111 623; x_wconf 89' lang='lat' dir='ltr'><strong>androclas</strong></span> 
     </span>
     <span class='ocr_line' id='line_1_6' title="bbox 76 644 1111 731; baseline -0.002 -17"><span class='ocrx_word' id='word_1_33' title='bbox 76 646 212 714; x_wconf 73' lang='lat' dir='ltr'><strong>edictus</strong></span> <span class='ocrx_word' id='word_1_34' title='bbox 236 649 299 728; x_wconf 90' lang='lat' dir='ltr'><strong>est,</strong></span> <span class='ocrx_word' id='word_1_35' title='bbox 327 645 413 729; x_wconf 91' lang='lat' dir='ltr'><strong>quod</strong></span> <span class='ocrx_word' id='word_1_36' title='bbox 437 666 565 710; x_wconf 89' lang='lat' dir='ltr'><strong>omnem</strong></span> <span class='ocrx_word' id='word_1_37' title='bbox 591 645 653 709; x_wconf 84' lang='lat' dir='ltr'><strong>viri</strong></span> <span class='ocrx_word' id='word_1_38' title='bbox 676 644 897 710; x_wconf 70' lang='lat' dir='ltr'><strong>substantiam</strong></span> <span class='ocrx_word' id='word_1_39' title='bbox 920 644 1051 731; x_wconf 86' lang='lat' dir='ltr'><strong>frangat</strong></span> <span class='ocrx_word' id='word_1_40' title='bbox 1075 668 1111 712; x_wconf 86' lang='lat' dir='ltr'><strong>ac</strong></span> 
     </span>
     <span class='ocr_line' id='line_1_7' title="bbox 105 732 1142 820; baseline 0.001 -21"><span class='ocrx_word' id='word_1_41' title='bbox 105 734 261 799; x_wconf 85' lang='lat' dir='ltr'><strong>debilitet.</strong></span> <span class='ocrx_word' id='word_1_42' title='bbox 307 732 397 798; x_wconf 84' lang='lat' dir='ltr'><strong>Inter</strong></span> <span class='ocrx_word' id='word_1_43' title='bbox 430 737 537 799; x_wconf 89' lang='lat' dir='ltr'><strong>cetera</strong></span> <span class='ocrx_word' id='word_1_44' title='bbox 569 755 645 820; x_wconf 89' lang='lat' dir='ltr'><strong>ergo</strong></span> <span class='ocrx_word' id='word_1_45' title='bbox 678 733 835 818; x_wconf 89' lang='lat' dir='ltr'><strong>pericula,</strong></span> <span class='ocrx_word' id='word_1_46' title='bbox 867 738 948 817; x_wconf 89' lang='lat' dir='ltr'><strong>quae</strong></span> <span class='ocrx_word' id='word_1_47' title='bbox 977 756 995 798; x_wconf 89' lang='lat' dir='ltr'><strong>a</strong></span> <span class='ocrx_word' id='word_1_48' title='bbox 1021 735 1142 800; x_wconf 82' lang='lat' dir='ltr'><strong>mali-4</strong></span> 
     </span>
     <span class='ocr_line' id='line_1_8' title="bbox 104 821 1111 907; baseline 0 -20"><span class='ocrx_word' id='word_1_49' title='bbox 104 822 188 888; x_wconf 85' lang='lat' dir='ltr'><strong>volis</strong></span> <span class='ocrx_word' id='word_1_50' title='bbox 218 821 323 886; x_wconf 90' lang='lat' dir='ltr'><strong>stellis</strong></span> <span class='ocrx_word' id='word_1_51' title='bbox 351 843 410 906; x_wconf 93' lang='lat' dir='ltr'><strong>pro</strong></span> <span class='ocrx_word' id='word_1_52' title='bbox 433 821 602 907; x_wconf 90' lang='lat' dir='ltr'><strong>signorum</strong></span> <span class='ocrx_word' id='word_1_53' title='bbox 626 822 768 887; x_wconf 87' lang='lat' dir='ltr'><strong>anafcris</strong></span> <span class='ocrx_word' id='word_1_54' title='bbox 792 826 824 886; x_wconf 91' lang='lat' dir='ltr'><strong>et</strong></span> <span class='ocrx_word' id='word_1_55' title='bbox 847 843 907 906; x_wconf 89' lang='lat' dir='ltr'><strong>pro</strong></span> <span class='ocrx_word' id='word_1_56' title='bbox 931 821 1111 887; x_wconf 81' lang='lat' dir='ltr'><strong>minacibus</strong></span> 
     </span>
     <span class='ocr_line' id='line_1_9' title="bbox 104 909 1112 995; baseline -0.002 -19"><span class='ocrx_word' id='word_1_57' title='bbox 104 910 341 976; x_wconf 85' lang='lat' dir='ltr'><strong>radiationibus</strong></span> <span class='ocrx_word' id='word_1_58' title='bbox 374 911 602 995; x_wconf 88' lang='lat' dir='ltr'><strong>decernuntur,</strong></span> <span class='ocrx_word' id='word_1_59' title='bbox 632 911 712 976; x_wconf 86' lang='lat' dir='ltr'><strong>haee</strong></span> <span class='ocrx_word' id='word_1_60' title='bbox 739 910 838 976; x_wconf 91' lang='lat' dir='ltr'><strong>etiam</strong></span> <span class='ocrx_word' id='word_1_61' title='bbox 869 909 1013 995; x_wconf 75' lang='lat' dir='ltr'><strong>pericida</strong></span> <span class='ocrx_word' id='word_1_62' title='bbox 1039 909 1112 974; x_wconf 87' lang='lat' dir='ltr'><strong>dili-</strong></span> 
     </span>
     <span class='ocr_line' id='line_1_10' title="bbox 105 997 1111 1085; baseline 0.001 -21"><span class='ocrx_word' id='word_1_63' title='bbox 105 1000 194 1085; x_wconf 80' lang='lat' dir='ltr'><strong>genti</strong></span> <span class='ocrx_word' id='word_1_64' title='bbox 227 1000 381 1065; x_wconf 90' lang='lat' dir='ltr'><strong>debemus</strong></span> <span class='ocrx_word' id='word_1_65' title='bbox 413 998 538 1064; x_wconf 89' lang='lat' dir='ltr'><strong>ratione</strong></span> <span class='ocrx_word' id='word_1_66' title='bbox 570 999 737 1085; x_wconf 70' lang='lat' dir='ltr'><strong>colligere,</strong></span> <span class='ocrx_word' id='word_1_67' title='bbox 770 1002 803 1064; x_wconf 91' lang='lat' dir='ltr'><strong>et</strong></span> <span class='ocrx_word' id='word_1_68' title='bbox 835 999 869 1063; x_wconf 93' lang='lat' dir='ltr'><strong>in</strong></span> <span class='ocrx_word' id='word_1_69' title='bbox 900 997 968 1064; x_wconf 91' lang='lat' dir='ltr'><strong>illis</strong></span> <span class='ocrx_word' id='word_1_70' title='bbox 1000 997 1111 1083; x_wconf 88' lang='lat' dir='ltr'><strong>itaque</strong></span> 
     </span>
     <span class='ocr_line' id='line_1_11' title="bbox 64 1087 1111 1173; baseline -0.001 -18"><span class='ocrx_word' id='word_1_71' title='bbox 64 1088 257 1172; x_wconf 78' lang='lat' dir='ltr'><strong>apericulis</strong></span> <span class='ocrx_word' id='word_1_72' title='bbox 281 1092 314 1154; x_wconf 92' lang='lat' dir='ltr'><strong>et</strong></span> <span class='ocrx_word' id='word_1_73' title='bbox 299 1087 371 1153; x_wconf 91' lang='lat' dir='ltr'><strong>tin</strong></span> <span class='ocrx_word' id='word_1_74' title='bbox 393 1088 455 1172; x_wconf 90' lang='lat' dir='ltr'><strong>his,</strong></span> <span class='ocrx_word' id='word_1_75' title='bbox 478 1109 559 1173; x_wconf 87' lang='lat' dir='ltr'><strong>quae</strong></span> <span class='ocrx_word' id='word_1_76' title='bbox 582 1110 620 1153; x_wconf 88' lang='lat' dir='ltr'><strong>ex</strong></span> <span class='ocrx_word' id='word_1_77' title='bbox 644 1093 778 1172; x_wconf 88' lang='lat' dir='ltr'><strong>septena</strong></span> <span class='ocrx_word' id='word_1_78' title='bbox 801 1088 851 1153; x_wconf 87' lang='lat' dir='ltr'><strong>vel</strong></span> <span class='ocrx_word' id='word_1_79' title='bbox 869 1109 995 1153; x_wconf 87' lang='lat' dir='ltr'><strong>novena</strong></span> <span class='ocrx_word' id='word_1_80' title='bbox 1014 1109 1111 1154; x_wconf 91' lang='lat' dir='ltr'><strong>anno·</strong></span> 
     </span>
     <span class='ocr_line' id='line_1_12' title="bbox 104 1176 1111 1262; baseline -0.001 -20"><span class='ocrx_word' id='word_1_81' title='bbox 104 1199 178 1242; x_wconf 87' lang='lat' dir='ltr'><strong>rum</strong></span> <span class='ocrx_word' id='word_1_82' title='bbox 200 1176 326 1242; x_wconf 90' lang='lat' dir='ltr'><strong>ratione</strong></span> <span class='ocrx_word' id='word_1_83' title='bbox 350 1176 575 1262; x_wconf 85' lang='lat' dir='ltr'><strong>colligimus,&#39;</strong></span> <span class='ocrx_word' id='word_1_84' title='bbox 566 1177 725 1261; x_wconf 77' lang='lat' dir='ltr'><strong>inspicere</strong></span> <span class='ocrx_word' id='word_1_85' title='bbox 749 1177 944 1261; x_wconf 89' lang='lat' dir='ltr'><strong>debemus,</strong></span> <span class='ocrx_word' id='word_1_86' title='bbox 936 1198 1007 1261; x_wconf 90' lang='lat' dir='ltr'><strong>rpso</strong></span> <span class='ocrx_word' id='word_1_87' title='bbox 1031 1181 1111 1242; x_wconf 90' lang='lat' dir='ltr'><strong>tem·</strong></span> 
     </span>
     <span class='ocr_line' id='line_1_13' title="bbox 103 1263 1111 1351; baseline 0 -21"><span class='ocrx_word' id='word_1_88' title='bbox 103 1287 196 1351; x_wconf 89' lang='lat' dir='ltr'><strong>pore,</strong></span> <span class='ocrx_word' id='word_1_89' title='bbox 224 1287 287 1348; x_wconf 89' lang='lat' dir='ltr'><strong>quo</strong></span> <span class='ocrx_word' id='word_1_90' title='bbox 315 1266 452 1350; x_wconf 88' lang='lat' dir='ltr'><strong>periculi</strong></span> <span class='ocrx_word' id='word_1_91' title='bbox 475 1266 681 1331; x_wconf 88' lang='lat' dir='ltr'><strong>discrimen&#39;</strong></span> <span class='ocrx_word' id='word_1_92' title='bbox 672 1265 843 1350; x_wconf 82' lang='lat' dir='ltr'><strong>inmineat</strong></span> <span class='ocrx_word' id='word_1_93' title='bbox 871 1263 1111 1331; x_wconf 87' lang='lat' dir='ltr'><strong>etetLunam</strong></span> 
     </span>
     <span class='ocr_line' id='line_1_14' title="bbox 104 1287 1110 1439; baseline -0.001 -20"><span class='ocrx_word' id='word_1_94' title='bbox 104 1363 287 1439; x_wconf 91' lang='lat' dir='ltr'><strong>temporum</strong></span> <span class='ocrx_word' id='word_1_95' title='bbox 325 1358 358 1419; x_wconf 90' lang='lat' dir='ltr'><strong>et</strong></span> <span class='ocrx_word' id='word_1_96' title='bbox 394 1354 484 1439; x_wconf 90' lang='lat' dir='ltr'><strong>genit</strong></span> <span class='ocrx_word' id='word_1_97' title='bbox 485 1376 562 1420; x_wconf 92' lang='lat' dir='ltr'><strong>urae</strong></span> <span class='ocrx_word' id='word_1_98' title='bbox 595 1355 761 1420; x_wconf 91' lang='lat' dir='ltr'><strong>dominum</strong></span> <span class='ocrx_word' id='word_1_99' title='bbox 794 1287 962 1419; x_wconf 82' lang='lat' dir='ltr'><strong>beirivolae</strong></span> <span class='ocrx_word' id='word_1_100' title='bbox 996 1354 1110 1418; x_wconf 90' lang='lat' dir='ltr'><strong>stellae</strong></span> 
     </span>
     <span class='ocr_line' id='line_1_15' title="bbox 105 1440 1140 1526; baseline 0 -20"><span class='ocrx_word' id='word_1_101' title='bbox 105 1464 169 1526; x_wconf 88' lang='lat' dir='ltr'><strong>qua</strong></span> <span class='ocrx_word' id='word_1_102' title='bbox 191 1440 307 1507; x_wconf 88' lang='lat' dir='ltr'><strong>radiat</strong></span> <span class='ocrx_word' id='word_1_103' title='bbox 282 1446 371 1508; x_wconf 87' lang='lat' dir='ltr'><strong>trone</strong></span> <span class='ocrx_word' id='word_1_104' title='bbox 392 1443 576 1526; x_wconf 88' lang='lat' dir='ltr'><strong>respiciant.</strong></span> <span class='ocrx_word' id='word_1_105' title='bbox 623 1440 656 1507; x_wconf 79' lang='lat' dir='ltr'><strong>Si</strong></span> <span class='ocrx_word' id='word_1_106' title='bbox 676 1442 814 1507; x_wconf 88' lang='lat' dir='ltr'><strong>enimin</strong></span> <span class='ocrx_word' id='word_1_107' title='bbox 834 1440 1001 1526; x_wconf 90' lang='lat' dir='ltr'><strong>oportunis</strong></span> <span class='ocrx_word' id='word_1_108' title='bbox 1022 1440 1140 1526; x_wconf 86' lang='lat' dir='ltr'><strong>geni-5</strong></span> 
     </span>
     <span class='ocr_line' id='line_1_16' title="bbox 63 1529 1110 1615; baseline -0.002 -19"><span class='ocrx_word' id='word_1_109' title='bbox 63 1555 88 1596; x_wconf 80' lang='lat' dir='ltr'><strong>ra</strong></span> <span class='ocrx_word' id='word_1_110' title='bbox 103 1534 196 1595; x_wconf 87' lang='lat' dir='ltr'><strong>turae&#39;</strong></span> <span class='ocrx_word' id='word_1_111' title='bbox 218 1531 298 1596; x_wconf 92' lang='lat' dir='ltr'><strong>locis</strong></span> <span class='ocrx_word' id='word_1_112' title='bbox 316 1530 464 1615; x_wconf 90' lang='lat' dir='ltr'><strong>Iuppiter</strong></span> <span class='ocrx_word' id='word_1_113' title='bbox 487 1536 519 1596; x_wconf 87' lang='lat' dir='ltr'><strong>et</strong></span> <span class='ocrx_word' id='word_1_114' title='bbox 533 1529 643 1595; x_wconf 90' lang='lat' dir='ltr'><strong>Venus</strong></span> <span class='ocrx_word' id='word_1_115' title='bbox 667 1530 787 1594; x_wconf 86' lang='lat' dir='ltr'><strong>luerint</strong></span> <span class='ocrx_word' id='word_1_116' title='bbox 811 1529 934 1594; x_wconf 86' lang='lat' dir='ltr'><strong>inventi</strong></span> <span class='ocrx_word' id='word_1_117' title='bbox 957 1529 991 1593; x_wconf 93' lang='lat' dir='ltr'><strong>in</strong></span> <span class='ocrx_word' id='word_1_118' title='bbox 1013 1529 1110 1594; x_wconf 89' lang='lat' dir='ltr'><strong>horo·</strong></span> 
     </span>
     <span class='ocr_line' id='line_1_17' title="bbox 103 1617 1108 1703; baseline -0.003 -18"><span class='ocrx_word' id='word_1_119' title='bbox 103 1642 200 1703; x_wconf 86' lang='lat' dir='ltr'><strong>scopo</strong></span> <span class='ocrx_word' id='word_1_120' title='bbox 229 1642 266 1686; x_wconf 92' lang='lat' dir='ltr'><strong>ac</strong></span> <span class='ocrx_word' id='word_1_121' title='bbox 289 1618 413 1684; x_wconf 87' lang='lat' dir='ltr'><strong>Lunam</strong></span> <span class='ocrx_word' id='word_1_122' title='bbox 442 1618 554 1703; x_wconf 91' lang='lat' dir='ltr'><strong>partili</strong></span> <span class='ocrx_word' id='word_1_123' title='bbox 581 1618 759 1683; x_wconf 87' lang='lat' dir='ltr'><strong>radiatione</strong></span> <span class='ocrx_word' id='word_1_124' title='bbox 787 1617 1002 1703; x_wconf 85' lang='lat' dir='ltr'><strong>respexerint,</strong></span> <span class='ocrx_word' id='word_1_125' title='bbox 1025 1621 1108 1683; x_wconf 92' lang='lat' dir='ltr'><strong>tem-</strong></span> 
     </span>
     <span class='ocr_line' id='line_1_18' title="bbox 102 1706 1106 1793; baseline 0 -21"><span class='ocrx_word' id='word_1_126' title='bbox 102 1730 218 1792; x_wconf 90' lang='lat' dir='ltr'><strong>porum</strong></span> <span class='ocrx_word' id='word_1_127' title='bbox 241 1706 342 1773; x_wconf 90' lang='lat' dir='ltr'><strong>etiam</strong></span> <span class='ocrx_word' id='word_1_128' title='bbox 365 1711 398 1772; x_wconf 92' lang='lat' dir='ltr'><strong>et</strong></span> <span class='ocrx_word' id='word_1_129' title='bbox 421 1708 587 1772; x_wconf 89' lang='lat' dir='ltr'><strong>dominum</strong></span> <span class='ocrx_word' id='word_1_130' title='bbox 606 1708 773 1793; x_wconf 79' lang='lat' dir='ltr'><strong>geniturae</strong></span> <span class='ocrx_word' id='word_1_131' title='bbox 792 1707 941 1792; x_wconf 84' lang='lat' dir='ltr'><strong>viderint,</strong></span> <span class='ocrx_word' id='word_1_132' title='bbox 965 1707 1106 1772; x_wconf 80' lang='lat' dir='ltr'><strong>minaces</strong></span> 
     </span>
     <span class='ocr_line' id='line_1_19' title="bbox 101 1795 1108 1881; baseline -0.001 -21"><span class='ocrx_word' id='word_1_133' title='bbox 101 1795 319 1881; x_wconf 89' lang='lat' dir='ltr'><strong>periculorum</strong></span> <span class='ocrx_word' id='word_1_134' title='bbox 349 1796 488 1878; x_wconf 92' lang='lat' dir='ltr'><strong>impetus</strong></span> <span class='ocrx_word' id='word_1_135' title='bbox 522 1795 657 1860; x_wconf 88' lang='lat' dir='ltr'><strong>salutari</strong></span> <span class='ocrx_word' id='word_1_136' title='bbox 684 1795 907 1860; x_wconf 79' lang='lat' dir='ltr'><strong>benivolarum</strong></span> <span class='ocrx_word' id='word_1_137' title='bbox 938 1795 1108 1859; x_wconf 88' lang='lat' dir='ltr'><strong>stellarum</strong></span> 
     </span>
     <span class='ocr_line' id='line_1_20' title="bbox 101 1882 1107 1969; baseline -0.001 -21"><span class='ocrx_word' id='word_1_138' title='bbox 101 1885 261 1969; x_wconf 91' lang='lat' dir='ltr'><strong>praesidio</strong></span> <span class='ocrx_word' id='word_1_139' title='bbox 300 1884 508 1949; x_wconf 81' lang='lat' dir='ltr'><strong>sublevantur</strong></span> <span class='ocrx_word' id='word_1_140' title='bbox 545 1888 578 1948; x_wconf 90' lang='lat' dir='ltr'><strong>et</strong></span> <span class='ocrx_word' id='word_1_141' title='bbox 613 1883 761 1949; x_wconf 90' lang='lat' dir='ltr'><strong>homines</strong></span> <span class='ocrx_word' id='word_1_142' title='bbox 799 1905 836 1948; x_wconf 87' lang='lat' dir='ltr'><strong>ex</strong></span> <span class='ocrx_word' id='word_1_143' title='bbox 873 1882 1107 1948; x_wconf 89' lang='lat' dir='ltr'><strong>inminentibus</strong></span> 
     </span>
     <span class='ocr_line' id='line_1_21' title="bbox 62 1971 1137 2057; baseline 0.001 -21"><span class='ocrx_word' id='word_1_144' title='bbox 62 1973 254 2057; x_wconf 76' lang='lat' dir='ltr'><strong>apericulis</strong></span> <span class='ocrx_word' id='word_1_145' title='bbox 273 1973 461 2037; x_wconf 88' lang='lat' dir='ltr'><strong>liberantur.</strong></span> <span class='ocrx_word' id='word_1_146' title='bbox 498 1971 720 2037; x_wconf 87' lang='lat' dir='ltr'><strong>Periculorum</strong></span> <span class='ocrx_word' id='word_1_147' title='bbox 740 1975 848 2036; x_wconf 86' lang='lat' dir='ltr'><strong>autem</strong></span> <span class='ocrx_word' id='word_1_148' title='bbox 866 1994 932 2036; x_wconf 90' lang='lat' dir='ltr'><strong>non</strong></span> <span class='ocrx_word' id='word_1_149' title='bbox 951 1993 1015 2036; x_wconf 87' lang='lat' dir='ltr'><strong>una</strong></span> <span class='ocrx_word' id='word_1_150' title='bbox 1033 1973 1137 2037; x_wconf 84' lang='lat' dir='ltr'><strong>sub-6</strong></span> 
     </span>
     <span class='ocr_line' id='line_1_22' title="bbox 103 2059 1107 2143; baseline 0.001 -20"><span class='ocrx_word' id='word_1_151' title='bbox 103 2061 224 2125; x_wconf 88' lang='lat' dir='ltr'><strong>stantia</strong></span> <span class='ocrx_word' id='word_1_152' title='bbox 243 2065 306 2143; x_wconf 82' lang='lat' dir='ltr'><strong>est3</strong></span> <span class='ocrx_word' id='word_1_153' title='bbox 331 2064 388 2124; x_wconf 92' lang='lat' dir='ltr'><strong>aut</strong></span> <span class='ocrx_word' id='word_1_154' title='bbox 407 2060 493 2124; x_wconf 88' lang='lat' dir='ltr'><strong>enim</strong></span> <span class='ocrx_word' id='word_1_155' title='bbox 511 2083 550 2124; x_wconf 85' lang='lat' dir='ltr'><strong>ex</strong></span> <span class='ocrx_word' id='word_1_156' title='bbox 568 2060 828 2127; x_wconf 86' lang='lat' dir='ltr'><strong>accusationibus</strong></span> <span class='ocrx_word' id='word_1_157' title='bbox 848 2062 906 2124; x_wconf 89' lang='lat' dir='ltr'><strong>aut</strong></span> <span class='ocrx_word' id='word_1_158' title='bbox 920 2081 958 2123; x_wconf 87' lang='lat' dir='ltr'><strong>ex</strong></span> <span class='ocrx_word' id='word_1_159' title='bbox 973 2059 1107 2124; x_wconf 90' lang='lat' dir='ltr'><strong>delatio·</strong></span> 
     </span>
     <span class='ocr_line' id='line_1_23' title="bbox 101 2147 1107 2234; baseline 0.002 -24"><span class='ocrx_word' id='word_1_160' title='bbox 101 2148 197 2211; x_wconf 91' lang='lat' dir='ltr'><strong>nibus</strong></span> <span class='ocrx_word' id='word_1_161' title='bbox 226 2152 282 2213; x_wconf 87' lang='lat' dir='ltr'><strong>aut</strong></span> <span class='ocrx_word' id='word_1_162' title='bbox 310 2171 349 2212; x_wconf 86' lang='lat' dir='ltr'><strong>ex</strong></span> <span class='ocrx_word' id='word_1_163' title='bbox 380 2148 505 2213; x_wconf 88' lang='lat' dir='ltr'><strong>insidiis</strong></span> <span class='ocrx_word' id='word_1_164' title='bbox 534 2153 591 2214; x_wconf 88' lang='lat' dir='ltr'><strong>aut</strong></span> <span class='ocrx_word' id='word_1_165' title='bbox 620 2171 658 2213; x_wconf 85' lang='lat' dir='ltr'><strong>ex</strong></span> <span class='ocrx_word' id='word_1_166' title='bbox 688 2147 953 2234; x_wconf 88' lang='lat' dir='ltr'><strong>navigationibus</strong></span> <span class='ocrx_word' id='word_1_167' title='bbox 982 2152 1039 2212; x_wconf 91' lang='lat' dir='ltr'><strong>aut</strong></span> <span class='ocrx_word' id='word_1_168' title='bbox 1068 2170 1107 2212; x_wconf 84' lang='lat' dir='ltr'><strong>ex</strong></span> 
     </span>
     <span class='ocr_line' id='line_1_24' title="bbox 101 2235 1106 2321; baseline 0 -21"><span class='ocrx_word' id='word_1_169' title='bbox 101 2236 272 2302; x_wconf 89' lang='lat' dir='ltr'><strong>itineribus</strong></span> <span class='ocrx_word' id='word_1_170' title='bbox 296 2241 352 2302; x_wconf 91' lang='lat' dir='ltr'><strong>aut</strong></span> <span class='ocrx_word' id='word_1_171' title='bbox 376 2259 415 2302; x_wconf 83' lang='lat' dir='ltr'><strong>ex</strong></span> <span class='ocrx_word' id='word_1_172' title='bbox 437 2237 564 2311; x_wconf 90' lang='lat' dir='ltr'><strong>damnis</strong></span> <span class='ocrx_word' id='word_1_173' title='bbox 587 2242 620 2301; x_wconf 90' lang='lat' dir='ltr'><strong>et</strong></span> <span class='ocrx_word' id='word_1_174' title='bbox 643 2235 815 2302; x_wconf 88' lang='lat' dir='ltr'><strong>amissione</strong></span> <span class='ocrx_word' id='word_1_175' title='bbox 836 2235 1025 2321; x_wconf 85' lang='lat' dir='ltr'><strong>patrimonii</strong></span> <span class='ocrx_word' id='word_1_176' title='bbox 1049 2239 1106 2300; x_wconf 89' lang='lat' dir='ltr'><strong>aut</strong></span> 
     </span>
     <span class='ocr_line' id='line_1_25' title="bbox 100 2324 1105 2411; baseline 0 -21"><span class='ocrx_word' id='word_1_177' title='bbox 100 2324 184 2411; x_wconf 84' lang='lat' dir='ltr'><strong>&lt;ex&gt;</strong></span> <span class='ocrx_word' id='word_1_178' title='bbox 207 2324 464 2411; x_wconf 84' lang='lat' dir='ltr'><strong>aegritudinibus</strong></span> <span class='ocrx_word' id='word_1_179' title='bbox 490 2329 547 2390; x_wconf 92' lang='lat' dir='ltr'><strong>aut</strong></span> <span class='ocrx_word' id='word_1_180' title='bbox 569 2348 609 2390; x_wconf 85' lang='lat' dir='ltr'><strong>ex</strong></span> <span class='ocrx_word' id='word_1_181' title='bbox 631 2325 769 2390; x_wconf 85' lang='lat' dir='ltr'><strong>veneriis</strong></span> <span class='ocrx_word' id='word_1_182' title='bbox 793 2324 1024 2409; x_wconf 88' lang='lat' dir='ltr'><strong>cupiditatibus</strong></span> <span class='ocrx_word' id='word_1_183' title='bbox 1048 2329 1105 2390; x_wconf 92' lang='lat' dir='ltr'><strong>aut</strong></span> 
     </span>
     <span class='ocr_line' id='line_1_26' title="bbox 61 2413 1104 2500; baseline 0 -22"><span class='ocrx_word' id='word_1_184' title='bbox 61 2438 85 2478; x_wconf 80' lang='lat' dir='ltr'><strong>aa</strong></span> <span class='ocrx_word' id='word_1_185' title='bbox 100 2413 181 2497; x_wconf 83' lang='lat' dir='ltr'><strong>&lt;ex&gt;</strong></span> <span class='ocrx_word' id='word_1_186' title='bbox 205 2414 373 2480; x_wconf 92' lang='lat' dir='ltr'><strong>debilitate</strong></span> <span class='ocrx_word' id='word_1_187' title='bbox 401 2415 546 2500; x_wconf 90' lang='lat' dir='ltr'><strong>corporis</strong></span> <span class='ocrx_word' id='word_1_188' title='bbox 574 2418 630 2479; x_wconf 91' lang='lat' dir='ltr'><strong>aut</strong></span> <span class='ocrx_word' id='word_1_189' title='bbox 657 2436 695 2479; x_wconf 89' lang='lat' dir='ltr'><strong>ex</strong></span> <span class='ocrx_word' id='word_1_190' title='bbox 717 2414 831 2480; x_wconf 90' lang='lat' dir='ltr'><strong>bestiis</strong></span> <span class='ocrx_word' id='word_1_191' title='bbox 860 2416 917 2479; x_wconf 91' lang='lat' dir='ltr'><strong>aut</strong></span> <span class='ocrx_word' id='word_1_192' title='bbox 939 2435 978 2478; x_wconf 84' lang='lat' dir='ltr'><strong>ex</strong></span> <span class='ocrx_word' id='word_1_193' title='bbox 1001 2413 1104 2479; x_wconf 87' lang='lat' dir='ltr'><strong>ruinis</strong></span> 
     </span>
     <span class='ocr_line' id='line_1_27' title="bbox 101 2502 1105 2589; baseline 0 -22"><span class='ocrx_word' id='word_1_194' title='bbox 101 2507 158 2567; x_wconf 88' lang='lat' dir='ltr'><strong>aut</strong></span> <span class='ocrx_word' id='word_1_195' title='bbox 177 2526 215 2568; x_wconf 83' lang='lat' dir='ltr'><strong>ex</strong></span> <span class='ocrx_word' id='word_1_196' title='bbox 228 2504 298 2569; x_wconf 92' lang='lat' dir='ltr'><strong>luto</strong></span> <span class='ocrx_word' id='word_1_197' title='bbox 314 2506 347 2568; x_wconf 90' lang='lat' dir='ltr'><strong>et</strong></span> <span class='ocrx_word' id='word_1_198' title='bbox 359 2503 560 2589; x_wconf 90' lang='lat' dir='ltr'><strong>praecipitiis</strong></span> <span class='ocrx_word' id='word_1_199' title='bbox 581 2525 675 2569; x_wconf 93' lang='lat' dir='ltr'><strong>omne</strong></span> <span class='ocrx_word' id='word_1_200' title='bbox 693 2502 910 2588; x_wconf 88' lang='lat' dir='ltr'><strong>periculorum</strong></span> <span class='ocrx_word' id='word_1_201' title='bbox 930 2502 1105 2568; x_wconf 90' lang='lat' dir='ltr'><strong>discrimen</strong></span> 
     </span>
     <span class='ocr_line' id='line_1_28' title="bbox 101 2589 1134 2677; baseline 0.002 -22"><span class='ocrx_word' id='word_1_202' title='bbox 101 2590 252 2658; x_wconf 83' lang='lat' dir='ltr'><strong>adfertur.</strong></span> <span class='ocrx_word' id='word_1_203' title='bbox 299 2589 380 2657; x_wconf 82' lang='lat' dir='ltr'><strong>Cum</strong></span> <span class='ocrx_word' id='word_1_204' title='bbox 404 2592 515 2677; x_wconf 89' lang='lat' dir='ltr'><strong>itaque</strong></span> <span class='ocrx_word' id='word_1_205' title='bbox 538 2591 665 2677; x_wconf 81' lang='lat' dir='ltr'><strong>videris,</strong></span> <span class='ocrx_word' id='word_1_206' title='bbox 689 2592 782 2676; x_wconf 90' lang='lat' dir='ltr'><strong>quale</strong></span> <span class='ocrx_word' id='word_1_207' title='bbox 806 2592 850 2656; x_wconf 92' lang='lat' dir='ltr'><strong>sit</strong></span> <span class='ocrx_word' id='word_1_208' title='bbox 873 2590 1047 2660; x_wconf 90' lang='lat' dir='ltr'><strong>discrimen</strong></span> <span class='ocrx_word' id='word_1_209' title='bbox 1070 2592 1134 2657; x_wconf 75' lang='lat' dir='ltr'><strong>inl</strong></span> 
     </span>
     <span class='ocr_line' id='line_1_29' title="bbox 100 2680 1168 2767; baseline -0.001 -23"><span class='ocrx_word' id='word_1_210' title='bbox 100 2681 185 2763; x_wconf 92' lang='lat' dir='ltr'><strong>loco,</strong></span> <span class='ocrx_word' id='word_1_211' title='bbox 208 2681 345 2767; x_wconf 78' lang='lat' dir='ltr'><strong>respice,</strong></span> <span class='ocrx_word' id='word_1_212' title='bbox 373 2680 458 2746; x_wconf 88' lang='lat' dir='ltr'><strong>sicut</strong></span> <span class='ocrx_word' id='word_1_213' title='bbox 481 2685 555 2746; x_wconf 90' lang='lat' dir='ltr'><strong>ante</strong></span> <span class='ocrx_word' id='word_1_214' title='bbox 579 2680 731 2765; x_wconf 86' lang='lat' dir='ltr'><strong>diximus,</strong></span> <span class='ocrx_word' id='word_1_215' title='bbox 755 2680 893 2765; x_wconf 88' lang='lat' dir='ltr'><strong>qualiter</strong></span> <span class='ocrx_word' id='word_1_216' title='bbox 916 2680 1031 2745; x_wconf 92' lang='lat' dir='ltr'><strong>horam</strong></span> <span class='ocrx_word' id='word_1_217' title='bbox 1053 2680 1105 2743; x_wconf 89' lang='lat' dir='ltr'><strong>vel</strong></span> <span class='ocrx_word' id='word_1_218' title='bbox 1165 2757 1168 2764; x_wconf 23' lang='grc' dir='ltr'>Ι</span> 
     </span>
     <span class='ocr_line' id='line_1_30' title="bbox 100 2767 1107 2854; baseline 0 -23"><span class='ocrx_word' id='word_1_219' title='bbox 100 2767 225 2834; x_wconf 90' lang='lat' dir='ltr'><strong>Lunam</strong></span> <span class='ocrx_word' id='word_1_220' title='bbox 248 2770 300 2834; x_wconf 85' lang='lat' dir='ltr'><strong>vel</strong></span> <span class='ocrx_word' id='word_1_221' title='bbox 322 2792 360 2834; x_wconf 89' lang='lat' dir='ltr'><strong>ex</strong></span> <span class='ocrx_word' id='word_1_222' title='bbox 382 2792 444 2854; x_wconf 90' lang='lat' dir='ltr'><strong>quo</strong></span> <span class='ocrx_word' id='word_1_223' title='bbox 464 2769 536 2834; x_wconf 88' lang='lat' dir='ltr'><strong>loeo</strong></span> <span class='ocrx_word' id='word_1_224' title='bbox 555 2769 722 2834; x_wconf 88' lang='lat' dir='ltr'><strong>benivolae</strong></span> <span class='ocrx_word' id='word_1_225' title='bbox 742 2769 855 2833; x_wconf 87' lang='lat' dir='ltr'><strong>stellae</strong></span> <span class='ocrx_word' id='word_1_226' title='bbox 874 2768 1050 2852; x_wconf 87' lang='lat' dir='ltr'><strong>respiciant</strong></span> <span class='ocrx_word' id='word_1_227' title='bbox 1074 2772 1107 2831; x_wconf 91' lang='lat' dir='ltr'><strong>et</strong></span> 
     </span>
    </p>
   </div>
   <div class='ocr_carea' id='block_1_3' title="bbox 98 2921 1106 3565">
    <p class='ocr_par' dir='ltr' id='par_1_3' title="bbox 98 2921 1106 3565">
     <span class='ocr_line' id='line_1_31' title="bbox 191 2921 1106 2994; baseline 0 -18"><span class='ocrx_word' id='word_1_228' title='bbox 191 2924 345 2994; x_wconf 89' lang='lat' dir='ltr'><strong>lenneat‚i</strong></span> <span class='ocrx_word' id='word_1_229' title='bbox 364 2942 430 2980; x_wconf 81' lang='lat' dir='ltr'><strong>corr</strong></span> <span class='ocrx_word' id='word_1_230' title='bbox 447 2925 529 2980; x_wconf 77' lang='lat' dir='ltr'><strong>Salac.</strong></span> <span class='ocrx_word' id='word_1_231' title='bbox 613 2924 722 2992; x_wconf 78' lang='lat' dir='ltr'><strong>2anni‚</strong></span> <span class='ocrx_word' id='word_1_232' title='bbox 741 2941 808 2979; x_wconf 80' lang='lat' dir='ltr'><strong>corr.</strong></span> <span class='ocrx_word' id='word_1_233' title='bbox 824 2944 841 2976; x_wconf 80' lang='lat' dir='ltr'><strong>a</strong></span> <span class='ocrx_word' id='word_1_234' title='bbox 915 2921 1065 2992; x_wconf 71' lang='lat' dir='ltr'><strong>tegiptiis</strong></span> <span class='ocrx_word' id='word_1_235' title='bbox 1079 2928 1106 2976; x_wconf 73' lang='grc' dir='ltr'><strong>Β</strong></span> 
     </span>
     <span class='ocr_line' id='line_1_32' title="bbox 100 2994 1106 3063; baseline -0.001 -15"><span class='ocrx_word' id='word_1_236' title='bbox 100 3002 255 3048; x_wconf 70' lang='lat' dir='ltr'><strong>commem</strong></span> <span class='ocrx_word' id='word_1_237' title='bbox 273 3001 300 3048; x_wconf 75' lang='lat' dir='ltr'>M</span> <span class='ocrx_word' id='word_1_238' title='bbox 363 2994 499 3050; x_wconf 79' lang='lat' dir='ltr'><strong>ddebilit</strong></span> <span class='ocrx_word' id='word_1_239' title='bbox 487 2999 539 3063; x_wconf 83' lang='lat' dir='ltr'><strong>tat,</strong></span> <span class='ocrx_word' id='word_1_240' title='bbox 558 3012 626 3051; x_wconf 82' lang='lat' dir='ltr'><strong>corr.</strong></span> <span class='ocrx_word' id='word_1_241' title='bbox 642 3001 691 3055; x_wconf 61' lang='grc' dir='ltr'><strong>ΒΔ</strong></span> <span class='ocrx_word' id='word_1_242' title='bbox 753 2995 982 3061; x_wconf 87' lang='lat' dir='ltr'><strong>8decernantur,</strong></span> <span class='ocrx_word' id='word_1_243' title='bbox 1001 3009 1067 3048; x_wconf 80' lang='lat' dir='ltr'><strong>corr.</strong></span> <span class='ocrx_word' id='word_1_244' title='bbox 1083 2998 1106 3047; x_wconf 99' lang='lat' dir='ltr'>A</span> 
     </span>
     <span class='ocr_line' id='line_1_33' title="bbox 101 3063 1106 3138; baseline -0.002 -19"><span class='ocrx_word' id='word_1_245' title='bbox 101 3072 135 3120; x_wconf 89' lang='lat'><strong>10</strong></span> <span class='ocrx_word' id='word_1_246' title='bbox 155 3067 307 3133; x_wconf 86' lang='lat' dir='ltr'><strong>amborum</strong></span> <span class='ocrx_word' id='word_1_247' title='bbox 327 3082 394 3122; x_wconf 84' lang='lat' dir='ltr'><strong>corr.</strong></span> <span class='ocrx_word' id='word_1_248' title='bbox 409 3083 447 3121; x_wconf 78' lang='lat' dir='ltr'><strong>no</strong></span> <span class='ocrx_word' id='word_1_249' title='bbox 502 3072 534 3119; x_wconf 94' lang='grc'><strong>12</strong></span> <span class='ocrx_word' id='word_1_250' title='bbox 553 3083 608 3135; x_wconf 92' lang='lat' dir='ltr'><strong>quo</strong></span> <span class='ocrx_word' id='word_1_251' title='bbox 627 3066 740 3138; x_wconf 80' lang='lat' dir='ltr'><strong>Sittl]q</strong></span> <span class='ocrx_word' id='word_1_252' title='bbox 741 3066 796 3119; x_wconf 91' lang='lat' dir='ltr'><strong>uod</strong></span> <span class='ocrx_word' id='word_1_253' title='bbox 812 3067 816 3135; x_wconf 70' lang='grc'>1</span> <span class='ocrx_word' id='word_1_254' title='bbox 832 3063 986 3132; x_wconf 88' lang='lat' dir='ltr'><strong>imminent,</strong></span> <span class='ocrx_word' id='word_1_255' title='bbox 1006 3079 1073 3118; x_wconf 84' lang='lat' dir='ltr'><strong>corr</strong></span> <span class='ocrx_word' id='word_1_256' title='bbox 1088 3082 1106 3117; x_wconf 84' lang='lat' dir='ltr'>v</span> 
     </span>
     <span class='ocr_line' id='line_1_34' title="bbox 100 3133 1103 3209; baseline -0.005 -18"><span class='ocrx_word' id='word_1_257' title='bbox 100 3144 134 3191; x_wconf 82' lang='lat'><strong>14</strong></span> <span class='ocrx_word' id='word_1_258' title='bbox 154 3155 209 3206; x_wconf 89' lang='lat' dir='ltr'><strong>qua</strong></span> <span class='ocrx_word' id='word_1_259' title='bbox 228 3139 256 3208; x_wconf 85' lang='grc' dir='ltr'><strong>κ]</strong></span> <span class='ocrx_word' id='word_1_260' title='bbox 276 3153 366 3204; x_wconf 88' lang='lat' dir='ltr'><strong>aequa</strong></span> <span class='ocrx_word' id='word_1_261' title='bbox 442 3143 475 3190; x_wconf 86' lang='lat'><strong>16</strong></span> <span class='ocrx_word' id='word_1_262' title='bbox 495 3153 527 3190; x_wconf 89' lang='lat' dir='ltr'><strong>ac</strong></span> <span class='ocrx_word' id='word_1_263' title='bbox 545 3137 641 3190; x_wconf 89' lang='lat' dir='ltr'><strong>lunam</strong></span> <span class='ocrx_word' id='word_1_264' title='bbox 655 3139 687 3209; x_wconf 73' lang='lat' dir='ltr'><strong>Q]</strong></span> <span class='ocrx_word' id='word_1_265' title='bbox 712 3136 814 3191; x_wconf 92' lang='lat' dir='ltr'><strong>aluna</strong></span> <span class='ocrx_word' id='word_1_266' title='bbox 839 3138 842 3204; x_wconf 89' lang='grc' dir='ltr'>Ι</span> <span class='ocrx_word' id='word_1_267' title='bbox 867 3133 977 3204; x_wconf 88' lang='lat' dir='ltr'><strong>partilis</strong></span> <span class='ocrx_word' id='word_1_268' title='bbox 995 3140 1037 3187; x_wconf 71' lang='lat'><strong>11⁰</strong></span> <span class='ocrx_word' id='word_1_269' title='bbox 1041 3140 1079 3186; x_wconf 65' lang='lat'><strong>3⁸</strong></span> <span class='ocrx_word' id='word_1_270' title='bbox 1099 3135 1103 3207; x_wconf 70' lang='grc'>1</span> 
     </span>
     <span class='ocr_line' id='line_1_35' title="bbox 98 3204 1105 3278; baseline -0.006 -15"><span class='ocrx_word' id='word_1_271' title='bbox 98 3213 233 3278; x_wconf 88' lang='lat' dir='ltr'><strong>tempora,</strong></span> <span class='ocrx_word' id='word_1_272' title='bbox 252 3225 320 3263; x_wconf 81' lang='lat' dir='ltr'><strong>corr.</strong></span> <span class='ocrx_word' id='word_1_273' title='bbox 330 3227 348 3261; x_wconf 87' lang='lat' dir='ltr'>v</span> <span class='ocrx_word' id='word_1_274' title='bbox 402 3214 433 3261; x_wconf 87' lang='grc'><strong>21</strong></span> <span class='ocrx_word' id='word_1_275' title='bbox 454 3207 645 3275; x_wconf 88' lang='lat' dir='ltr'><strong>dilationibus</strong></span> <span class='ocrx_word' id='word_1_276' title='bbox 663 3225 730 3263; x_wconf 75' lang='grc' dir='ltr'>σοιν</span> <span class='ocrx_word' id='word_1_277' title='bbox 750 3225 768 3259; x_wconf 87' lang='lat' dir='ltr'>v</span> <span class='ocrx_word' id='word_1_278' title='bbox 817 3212 850 3259; x_wconf 89' lang='grc'><strong>22</strong></span> <span class='ocrx_word' id='word_1_279' title='bbox 866 3222 899 3259; x_wconf 84' lang='lat' dir='ltr'><strong>ex</strong></span> <span class='ocrx_word' id='word_1_280' title='bbox 918 3213 980 3260; x_wconf 80' lang='lat' dir='ltr'><strong>cate</strong></span> <span class='ocrx_word' id='word_1_281' title='bbox 997 3204 1105 3258; x_wconf 88' lang='lat' dir='ltr'><strong>itineri-</strong></span> 
     </span>
     <span class='ocr_line' id='line_1_36' title="bbox 99 3276 1105 3366; baseline -0.004 -33"><span class='ocrx_word' id='word_1_282' title='bbox 99 3280 151 3333; x_wconf 90' lang='lat' dir='ltr'><strong>bus</strong></span> <span class='ocrx_word' id='word_1_283' title='bbox 171 3297 220 3334; x_wconf 83' lang='lat' dir='ltr'><strong>om.</strong></span> <span class='ocrx_word' id='word_1_284' title='bbox 235 3284 262 3332; x_wconf 76' lang='lat'>1</span> <span class='ocrx_word' id='word_1_285' title='bbox 334 3284 367 3332; x_wconf 84' lang='grc'><strong>23</strong></span> <span class='ocrx_word' id='word_1_286' title='bbox 386 3278 548 3366; x_wconf 89' lang='lat' dir='ltr'><strong>patrimonii</strong></span> <span class='ocrx_word' id='word_1_287' title='bbox 561 3285 585 3331; x_wconf 87' lang='grc' dir='ltr'><strong>Β</strong></span> <span class='ocrx_word' id='word_1_288' title='bbox 602 3297 635 3332; x_wconf 85' lang='lat' dir='ltr'><strong>m</strong></span> <span class='ocrx_word' id='word_1_289' title='bbox 655 3280 719 3360; x_wconf 79' lang='lat' dir='ltr'><strong>rec]</strong></span> <span class='ocrx_word' id='word_1_290' title='bbox 737 3276 907 3347; x_wconf 87' lang='lat' dir='ltr'><strong>patrimonia</strong></span> <span class='ocrx_word' id='word_1_291' title='bbox 921 3282 968 3328; x_wconf 79' lang='grc' dir='ltr'><strong>ΡΒ</strong></span> <span class='ocrx_word' id='word_1_292' title='bbox 986 3292 1037 3331; x_wconf 91' lang='lat' dir='ltr'><strong>nec</strong></span> <span class='ocrx_word' id='word_1_293' title='bbox 1055 3293 1105 3345; x_wconf 91' lang='lat' dir='ltr'><strong>pa-</strong></span> 
     </span>
     <span class='ocr_line' id='line_1_37' title="bbox 98 3347 1104 3418; baseline -0.003 -15"><span class='ocrx_word' id='word_1_294' title='bbox 98 3350 231 3404; x_wconf 85' lang='lat' dir='ltr'><strong>trimonia</strong></span> <span class='ocrx_word' id='word_1_295' title='bbox 244 3356 271 3402; x_wconf 74' lang='lat' dir='ltr'>M</span> <span class='ocrx_word' id='word_1_296' title='bbox 361 3357 394 3404; x_wconf 84' lang='grc'><strong>24</strong></span> <span class='ocrx_word' id='word_1_297' title='bbox 417 3351 482 3404; x_wconf 85' lang='lat' dir='ltr'><strong>add</strong></span> <span class='ocrx_word' id='word_1_298' title='bbox 501 3348 530 3402; x_wconf 91' lang='lat' dir='ltr'>A</span> <span class='ocrx_word' id='word_1_299' title='bbox 557 3352 560 3418; x_wconf 89' lang='grc' dir='ltr'>Ι</span> <span class='ocrx_word' id='word_1_300' title='bbox 585 3348 702 3404; x_wconf 86' lang='lat' dir='ltr'><strong>veneriis</strong></span> <span class='ocrx_word' id='word_1_301' title='bbox 726 3347 929 3418; x_wconf 90' lang='lat' dir='ltr'><strong>cupiditatibus</strong></span> <span class='ocrx_word' id='word_1_302' title='bbox 953 3348 1104 3417; x_wconf 71' lang='lat' dir='ltr'><strong>Woelfflin]</strong></span> 
     </span>
     <span class='ocr_line' id='line_1_38' title="bbox 100 3418 1102 3488; baseline -0.002 -14"><span class='ocrx_word' id='word_1_303' title='bbox 100 3422 247 3475; x_wconf 88' lang='lat' dir='ltr'><strong>ueneribus</strong></span> <span class='ocrx_word' id='word_1_304' title='bbox 302 3427 336 3475; x_wconf 81' lang='grc'><strong>25</strong></span> <span class='ocrx_word' id='word_1_305' title='bbox 351 3437 384 3475; x_wconf 85' lang='lat' dir='ltr'><strong>ex</strong></span> <span class='ocrx_word' id='word_1_306' title='bbox 398 3421 461 3475; x_wconf 84' lang='lat' dir='ltr'><strong>add.</strong></span> <span class='ocrx_word' id='word_1_307' title='bbox 472 3421 537 3476; x_wconf 77' lang='lat' dir='ltr'><strong>Sitti</strong></span> <span class='ocrx_word' id='word_1_308' title='bbox 590 3426 623 3475; x_wconf 88' lang='grc'><strong>26</strong></span> <span class='ocrx_word' id='word_1_309' title='bbox 639 3426 718 3475; x_wconf 79' lang='lat' dir='ltr'><strong>omne</strong></span> <span class='ocrx_word' id='word_1_310' title='bbox 773 3425 806 3473; x_wconf 80' lang='grc'><strong>27</strong></span> <span class='ocrx_word' id='word_1_311' title='bbox 820 3419 850 3472; x_wconf 92' lang='lat' dir='ltr'><strong>in</strong></span> <span class='ocrx_word' id='word_1_312' title='bbox 864 3418 925 3472; x_wconf 89' lang='lat' dir='ltr'><strong>loco</strong></span> <span class='ocrx_word' id='word_1_313' title='bbox 940 3425 1102 3488; x_wconf 65' lang='lat' dir='ltr'><strong>suspectum</strong></span> 
     </span>
     <span class='ocr_line' id='line_1_39' title="bbox 99 3490 921 3565; baseline -0.004 -19"><span class='ocrx_word' id='word_1_314' title='bbox 99 3492 285 3561; x_wconf 89' lang='lat' dir='ltr'><strong>periculorum</strong></span> <span class='ocrx_word' id='word_1_315' title='bbox 303 3494 357 3549; x_wconf 84' lang='lat' dir='ltr'><strong>aive</strong></span> <span class='ocrx_word' id='word_1_316' title='bbox 376 3491 533 3561; x_wconf 87' lang='lat' dir='ltr'><strong>discrimen,</strong></span> <span class='ocrx_word' id='word_1_317' title='bbox 551 3490 745 3565; x_wconf 80' lang='lat' dir='ltr'><strong>(principe)</strong></span> <span class='ocrx_word' id='word_1_318' title='bbox 737 3509 767 3545; x_wconf 88' lang='lat' dir='ltr'><strong>m</strong></span> <span class='ocrx_word' id='word_1_319' title='bbox 785 3490 846 3545; x_wconf 88' lang='lat' dir='ltr'><strong>loco</strong></span> <span class='ocrx_word' id='word_1_320' title='bbox 864 3509 884 3543; x_wconf 91' lang='lat' dir='ltr'><strong>r.</strong></span> <span class='ocrx_word' id='word_1_321' title='bbox 905 3507 921 3543; x_wconf 90' lang='grc' dir='ltr'><em>σ</em></span> 
     </span>
    </p>
   </div>
   <div class='ocr_carea' id='block_1_4' title="bbox 825 3579 944 3634">
    <p class='ocr_par' dir='ltr' id='par_1_4' title="bbox 825 3579 944 3634">
     <span class='ocr_line' id='line_1_40' title="bbox 825 3579 944 3634; baseline -0.025 0"><span class='ocrx_word' id='word_1_322' title='bbox 825 3627 828 3634; x_wconf 78' lang='grc'><strong><em>,</em></strong></span> <span class='ocrx_word' id='word_1_323' title='bbox 893 3579 944 3632; x_wconf 80' lang='grc'>17*</span> 
     </span>
    </p>
   </div>
   <div class='ocr_carea' id='block_1_5' title="bbox 0 0 1212 3840">
    <p class='ocr_par' dir='ltr' id='par_1_5' title="bbox 0 0 1212 3840">
     <span class='ocr_line' id='line_1_41' title="bbox 0 0 1212 3840; baseline 0 0"><span class='ocrx_word' id='word_1_324' title='bbox 0 0 1212 3840; x_wconf 95' lang='lat' dir='ltr'><strong> </strong></span> 
     </span>
    </p>
   </div>
  </div>
 </body>
</html>
