2408 3840
518 168 569 239 Io,
583 171 658 238 1-7',
672 188 695 232 r.

473 488 475 492 ¹
575 404 650 470 vn.

194 526 257 593 Sed
270 526 336 591 iam
351 527 477 612 quiaad
486 529 584 593 istam
593 550 653 594 nos
668 530 896 594 necessitatem
911 529 1139 612 quaestionisl

109 617 249 700 adduxit,
273 617 375 680 dilata
397 617 616 700 responsione,
640 640 722 703 quae
746 619 784 682 de
804 618 950 682 moribus
975 621 1008 681 et
1031 618 1116 683 colo-

106 706 195 770 ribus
228 706 417 790 parabatur,
451 706 541 770 cuius
574 705 783 772 fundamenta
816 729 855 771 ex
887 705 995 789 aliqua
1021 712 1114 789 parte

76 795 224 859 siactata
243 797 327 872 sunt,
347 795 555 858 ostendamus
575 795 673 859 etiam
693 797 782 881 leges
796 796 955 880 potestati
969 793 1114 859 fatorum

102 883 352 967 necessitatique
377 883 496 947 servire
520 889 554 947 et
576 884 638 949 hoc
662 906 718 948 eas
738 906 866 967 semper
890 883 1004 964 facere,
1028 883 1114 966 quod

102 972 245 1037 fatorum
268 972 409 1036 decrevit
433 973 620 1037 auctoritas.
662 971 754 1049 Quod
778 977 816 1036 ut
840 973 1024 1055 probemus,
1048 972 1145 1037 lon-2

101 1062 195 1146 giora
224 1065 368 1145 repetere
400 1060 553 1125 debemus
590 1061 745 1146 exempla.
790 1061 875 1126 Ecce
905 1061 960 1124 ille
988 1060 1113 1125 iuvenis

101 1149 239 1234 integris
270 1148 404 1234 viribus3'
435 1150 524 1214 dives
557 1150 712 1216 innocens
742 1161 775 1215 et
807 1150 934 1215 modest
934 1172 990 1232 us,
1021 1150 1113 1214 nullo

60 1264 88 1303 ro
103 1239 240 1303 domest
231 1238 274 1302 rci
295 1238 449 1304 facinoris
474 1239 659 1324 exagitatus
682 1238 838 1323 impulsu,
865 1239 955 1303 nulla
984 1238 1113 1302 timoris

102 1328 318 1412 trepidatione
351 1327 536 1428 compulsus
575 1329 692 1411 laqueo
726 1350 759 1392 se
789 1326 957 1411 suspendit
984 1331 1017 1391 εὴ
1044 1349 1113 1410 per·

101 1416 438 1502 didit3alterius1am
457 1417 650 1516 palpitantis
669 1418 820 1500 laqueum
839 1416 961 1499 rupit
952 1413 1112 1499 mimicus,

101 1509 134 1568 et
158 1468 213 1588 qii
237 1507 279 1569 ob
299 1505 434 1569 dedecus
454 1504 539 1568 vitae
559 1506 658 1570 morti
677 1507 810 1590 propria
834 1503 1111 1568 animadversione

100 1614 135 1656 se
154 1593 284 1657 dederat
270 1599 293 1677 t,
313 1594 420 1656 soluto
438 1595 555 1677 laqueo
575 1593 748 1658 iudicantis
763 1592 925 1658 sententia
943 1592 1111 1657 liberatur.

60 1705 87 1745 15
101 1680 181 1755 Quis
204 1682 266 1745 hoc
290 1682 372 1744 alins
394 1682 459 1744 nisi
483 1682 531 1745 vis
551 1681 612 1745 fati
634 1683 877 1766 necessitasque
900 1680 1050 1765 perfecit,
1073 1685 1111 1745 ut

101 1767 244 1833 ministri
263 1770 360 1850 necis,
384 1769 440 1853 qui
460 1769 499 1832 ad
519 1770 734 1835 exhibendum
753 1793 844 1835 reum
863 1770 993 1834 fuerant
1012 1770 1111 1833 desti-

99 1857 189 1942 nati,
212 1878 403 1942 oppressum
431 1857 526 1921 malis
550 1857 617 1923 suis
644 1859 809 1924 hominem
838 1864 871 1922 et
895 1858 1110 1922 conscientiae

102 1945 379 2010 animadversione
393 1946 582 2011 damnatum
597 1969 636 2010 ex
650 1947 756 2011 medio
774 1947 975 2011 imminentis
994 1947 1110 2010 mortis

99 2035 242 2116 periculo
262 2035 459 2099 liberarent?
486 2033 546 2098 Ille
565 2057 686 2118 rursus,
705 2037 757 2100 cui
771 2057 882 2100 omnes
901 2034 1141 2098 innocentiae3

57 2147 84 2186 eo
98 2123 322 2188 testimonium
340 2124 520 2207 perhibent,
544 2124 660 2189 stricto
682 2124 800 2209 gladio,
823 2128 990 2207 tamquam
1014 2144 1106 2208 coge-

98 2216 197 2292 retur,
219 2210 367 2277 incubuit
390 2216 423 2276 et
446 2213 604 2278 minacem
622 2214 785 2278 mucronis
809 2212 912 2276 aciem
935 2211 1035 2276 costis
1058 2213 1104 2276 in·

97 2301 290 2366 nocentibus
319 2301 468 2366 condidit.
513 2301 574 2365 Ille
601 2303 651 2366 vir
677 2303 806 2386 integer
834 2300 962 2365 sobrius
985 2322 1023 2365 ac
1047 2323 1106 2384 pu·

97 2390 195 2467 dicus,
215 2391 306 2454 cuius
319 2390 421 2454 vitam
440 2411 567 2475 semper
585 2411 696 2454 sumus
714 2390 966 2473 institutumque
986 2390 1105 2474 mirati,

96 2500 169 2543 ecce
184 2501 242 2562 per
255 2479 447 2563 praecipitia
464 2481 646 2562 proiectum
661 2501 778 2580 corpus
792 2478 894 2543 fiebili
909 2479 1103 2543 laceratione

55 2590 82 2630 ee
96 2567 257 2651 dispersit.
294 2567 354 2631 Ille
373 2568 479 2631 iustus
498 2568 600 2632 vitam
620 2591 712 2632 suam
730 2568 849 2633 misera
867 2566 1104 2632 mendicatione

97 2660 168 2719 sust
170 2660 261 2721 entat
247 2657 357 2741 t3ille
384 2678 474 2739 vero,
505 2679 601 2740 quem
628 2656 746 2721 famosi
775 2655 905 2722 sceleris
930 2656 1105 2720 maculavit

96 2744 244 2828 infamia,
278 2743 427 2810 felicibus
456 2745 645 2809 sublevatur
676 2745 859 2830 augmentis
892 2747 925 2807 et
953 2744 1102 2808 maximis

96 2832 259 2898 honorum
279 2834 423 2898 cumulat
409 2837 463 2897 tur
485 2832 679 2934 insignibus.
719 2833 804 2899 Ecce
812 2833 936 2986 tpirata
957 2833 1103 2916 postin-

95 2919 169 2986 finit
155 2927 206 2986 tas
243 2922 464 2987 innocentium
500 2944 595 2986 neces
636 2921 671 2986 in
712 2926 847 2987 cruento
828 2921 958 2986 osinu
994 2920 1105 2986 felices

55 3036 83 3075 so
98 3011 235 3094 suscipit
257 3011 357 3095 filios3
379 3011 468 3074 ille
460 3032 615 3075 innocens
639 3015 673 3075 et
691 3013 732 3075 ab
757 3010 845 3075 omni
870 3009 1028 3074 scelerum
1035 3059 1107 3073 ......

183 3237 281 3308 aquia
294 3239 348 3317 uo]
359 3255 407 3318 qur
399 3236 454 3307 '(ei
468 3256 516 3307 qur
509 3237 567 3308 ”’Δ)
585 3240 589 3307 Ι
603 3240 666 3305 fort
682 3237 855 3307 quaestionis
865 3236 976 3309 (ordo)
1027 3242 1043 3289 3
1059 3237 1107 3289 ad·

93 3310 234 3364 duxisse
289 3315 321 3362 12
340 3308 470 3363 nimicus
484 3317 641 3378 corruptum
703 3317 736 3364 14
755 3311 796 3390 se]
811 3316 860 3363 sa?
880 3315 904 3362 et
921 3325 1008 3378 supro
1026 3325 1105 3378 quae·

91 3383 158 3436 dam
175 3399 210 3436 ss
224 3386 256 3449 V,
275 3382 320 3435 im
338 3396 367 3433 se
384 3380 497 3444 leontia
509 3381 576 3440 1¹0
630 3385 663 3434 15
681 3380 919 3450 necessitatesque
933 3384 954 3430 Ρ
954 3379 974 3459 Ι
990 3378 1105 3449 perficit,

91 3469 160 3507 corr.
175 3471 194 3506 v
241 3458 274 3506 18
288 3451 472 3521 dampnatum
484 3456 559 3512 PQV
606 3457 638 3505 19
653 3451 880 3506 hberarenturl
896 3452 900 3521 l
916 3467 962 3504 cur
975 3467 1009 3505 ss
1003 3467 1106 3533 aspra
1165 3448 1168 3452 ’

93 3529 169 3592 qll’
237 3528 271 3577 20
289 3525 425 3590 tanquam
442 3528 465 3575 V
534 3529 566 3577 21
585 3522 786 3581 muchroniso
853 3527 887 3576 30
906 3523 955 3578 lac
975 3528 1072 3579 staua
1089 3540 1106 3574 e

797 3632 799 3636 -
911 3611 947 3663 2*
