2416 3840
477 181 516 234 IV
531 187 572 250 ιτ,
588 187 691 251 12-19,
701 181 727 240 a'
1041 182 1106 249 243

263 377 351 444 XIX.
383 377 443 443 Du
466 377 641 444 DOMINO
667 377 936 447 GENITURAE.

185 551 415 568 ...........
429 502 641 587 <geniturae>
655 502 829 588 dominum,
848 526 944 588 quem
964 503 1104 571 Graeci
1118 507 1134 570 1

96 592 330 675 oecodeepoten
364 595 495 676 vocant,
533 613 596 676 qua
627 592 745 658 debeas
777 591 902 657 ratione
935 594 1103 680 colligere3

94 681 164 765 ipse
192 681 278 745 enim
310 679 412 745 totius
443 680 613 766 geniturae
642 681 788 765 possidet
818 703 979 747 summam
1006 687 1040 748 et
1062 684 1103 748 ab

68 769 167 852 eipso
191 769 305 834 stellae
329 769 477 854 singulae
501 768 621 834 decreti
643 768 810 835 licentiam
830 771 1025 856 sortiuntur3
1049 771 1104 857 qui

95 858 123 922 si
154 859 237 922 bene
268 857 368 922 fuerit
399 857 575 923 collocatus
607 858 642 922 in
673 857 739 939 his,
771 859 805 923 in
838 859 956 944 quibus
983 860 1104 945 gaudet

95 945 197 1031 signis
221 947 273 1012 vel
296 947 331 1011 in
354 945 471 1032 quibus
494 945 671 1032 exaltatur,
694 947 749 1012 -vel
772 947 806 1012 in
830 947 1003 1013 domiciliis
1027 946 1120 1030 suis,¹

95 1040 128 1100 et
156 1035 352 1102 conditionis
380 1056 456 1102 suae
486 1036 637 1121 genitura
663 1035 763 1100 fuerit
789 1059 849 1102 neo
876 1037 1103 1102 malivolarum

94 1125 209 1189 nociva
232 1125 412 1189 radiatione
433 1123 583 1209 pulsatus
606 1147 665 1190 nec
688 1125 911 1192 benivolarum
935 1125 1103 1191 stellarum

53 1239 80 1279 ro
93 1213 255 1298 praesidio
288 1214 479 1296 destitutus,
512 1212 621 1278 omnia
652 1214 739 1278 bona
770 1236 829 1298 pro
861 1218 997 1280 naturae
1025 1237 1103 1280 suae

94 1302 251 1386 qualitate
288 1303 431 1367 decernit
463 1305 496 1366 et
533 1302 698 1388 integrum
734 1324 892 1367 annorum
923 1325 1101 1368 numerum.

72 1426 73 1430 =
94 1390 130 1455 Si
152 1411 229 1455 vero
252 1390 428 1475 impeditus
451 1413 471 1454 a
489 1390 650 1455 malivolis
670 1391 720 1455 vel
740 1412 759 1454 a
777 1391 937 1456 benivolis
956 1393 1102 1457 desertus

93 1478 202 1561 fuerit,
226 1479 331 1543 omnis
356 1478 425 1543 eius
444 1478 588 1544 efficacia
607 1478 778 1543 debilitata
796 1479 987 1564 languescit.
1020 1478 1133 1556 Qua-2

94 1571 188 1631 tenus
206 1566 362 1653 invenias,
381 1567 549 1651 explicabo
569 1568 719 1632 omnibus
737 1571 912 1632 veterum
933 1569 1102 1633 sententiis

54 1682 79 1722 15
94 1655 264 1720 intimatis.
318 1655 479 1732 Quidam
508 1656 571 1721 hac
601 1655 773 1720 voluerunt
803 1657 972 1742 geniturae
1002 1658 1102 1722 domi-

93 1766 172 1809 uum
202 1744 329 1809 ratione
359 1743 513 1829 colligere
544 1745 686 1810 dicentes
716 1745 802 1811 hunc
832 1767 902 1810 esse
932 1744 1102 1831 geniturae

94 1833 270 1920 dominum,
293 1833 406 1919 quiin
429 1832 664 1918 principalibus
687 1834 855 1919 geniturae
875 1834 955 1900 locis
973 1835 1101 1919 positus

94 1923 128 1986 in
157 1922 260 2008 signis
291 1921 358 1987 suis
390 1926 447 1986 aut
476 1922 510 1986 in
541 1922 662 1987 finibus
696 1923 764 1987 suis
794 1921 921 1993 fuisset
941 1924 1109 1988 inventus.»

93 2010 176 2075 Alii
200 2032 276 2076 vero
300 2033 319 2074 a
343 2009 417 2076 Sole
442 2014 475 2075 et
497 2009 590 2076 Luna
613 2011 782 2097 geniturae
806 2012 973 2076 dominum
995 2010 1101 2096 requi·

53 2100 211 2165 rorabant
231 2122 305 2165 eum
323 2098 466 2164 dicentes
486 2120 555 2164 esse
574 2100 743 2185 geniturae
762 2100 939 2185 dominum,
957 2100 992 2164 in
1010 2099 1101 2166 cuius

94 2188 207 2252 stellae
232 2189 351 2253 finibus
375 2185 430 2252 sol
454 2192 487 2252 et
510 2187 603 2252 Luna
625 2187 764 2254 fuissent
787 2189 921 2272 inventi,
942 2187 1028 2254 idest
1045 2186 1102 2254 Sol

92 2277 127 2340 in
141 2276 265 2361 diurna,
273 2276 366 2342 Luna
379 2277 415 2341 in
427 2279 586 2342 nocturna
600 2277 759 2362 genitura,
769 2281 803 2342 et
815 2277 916 2342 habet
929 2277 1098 2343 rationem.

92 2365 175 2430 Alii
194 2387 266 2430 eum
282 2365 431 2431 dixerunt
445 2387 515 2431 esse
530 2365 706 2450 dominum,
721 2367 777 2450 qui
791 2366 974 2432 altitudinis
988 2365 1099 2432 Lunae
1128 2442 1138 2463 ·

93 2454 242 2520 dominus
265 2453 381 2520 fuisset
402 2453 563 2519 inventus.
608 2453 689 2520 Alii
712 2477 788 2520 vero
812 2455 898 2520 hunc
921 2477 992 2520 esse
1015 2456 1101 2520 dixe·

51 2569 78 2610 25
91 2547 168 2609 runt
192 2544 372 2630 dominum,
399 2543 629 2628 cuiuscumque
657 2542 787 2629 signum
809 2547 886 2628 post
908 2548 1022 2610 natum
1044 2545 1100 2608 ho

92 2633 212 2697 minem
236 2632 328 2697 Luna
357 2632 472 2697 relicto
502 2653 539 2696 eo
570 2631 689 2718 sign0,·
708 2633 743 2696 in
773 2654 837 2718 quo
865 2636 928 2717 est,
959 2633 1099 2698 secundo

91 2721 164 2785 loco
187 2721 287 2786 fuerit
307 2722 463 2806 ingressa.
504 2718 566 2786 Sed
585 2725 618 2785 et
635 2742 695 2785 nos
714 2721 798 2787 hano
816 2721 977 2786 rationem
996 2721 1131 2804 sequi-3

92 2830 177 2893 mur3
206 2809 286 2874 haec
316 2810 402 2874 enim
432 2814 481 2874 est
503 2808 673 2874 verissima
703 2814 736 2875 et
766 2811 807 2874 ab
835 2810 986 2874 omnibus
1016 2831 1100 2874 oom-

92 2898 238 2981 probata.
285 2896 347 2963 Sed
375 2902 408 2962 et
434 2902 471 2962 tu
499 2898 578 2963 haec
602 2898 724 2982 omnia,
748 2920 829 2982 quae
854 2897 1007 2982 diximus,
1031 2896 1101 2962 dili-

52 3015 79 3055 eo
94 2986 183 3072 genti
198 2986 324 3051 ratione
340 2986 476 3052 discute:
499 2985 653 3072 invenies,
668 2987 753 3071 quod
768 2987 917 3051 dominus
932 2987 1100 3071 geniturae

182 3179 305 3246 aeappl.
320 3176 349 3230 A'
406 3177 701 3246 3oeocodespotenB
755 3184 899 3231 asumma
917 3183 964 3230 ΡΒ
1019 3178 1101 3231 dde-

93 3249 162 3304 creti
173 3250 301 3320 singuli
316 3250 320 3318 Ι
337 3247 522 3329 diligentiam,
537 3264 604 3302 corr.
616 3269 632 3302 a
683 3255 698 3301 9
717 3247 953 3302 radiatiationeu
1003 3253 1036 3301 15
1055 3264 1101 3300 cx-

92 3321 204 3390 plicatis
219 3319 265 3373 uel
279 3319 418 3373 intimans
432 3324 460 3372 Μ
476 3321 479 3389 l
496 3321 530 3386 cf.
546 3320 616 3373 Ptol.
636 3324 733 3374 28131.
755 3323 806 3373 33v
819 3334 846 3370 ro
865 3321 948 3373 Paul.
967 3320 1027 3372 Ba
1047 3319 1101 3388 94

94 3398 125 3446 19
141 3391 321 3461 requirebant
338 3422 374 3430 -
393 3389 585 3444 abdominum
599 3407 648 3445 orn.
659 3395 686 3442 Μ
757 3396 791 3443 23
806 3406 866 3444 esee
881 3408 930 3446 om.
940 3396 967 3443 Μ
983 3392 987 3460 Ι
1003 3390 1101 3443 latitu-

93 3463 174 3531 dinis,
194 3480 261 3518 corr.
277 3483 294 3517 a
383 3468 416 3516 29
436 3464 465 3515 et
482 3464 514 3514 tu
532 3461 602 3515 haec
620 3462 649 3533 a]
668 3462 719 3514 hec
738 3465 858 3516 utetfl
881 3462 1100 3515 ctuthaecPR

92 3540 127 3587 30
146 3533 293 3603 discutere,
311 3550 378 3589 corr.
394 3554 410 3587 a

887 3623 941 3676 16*
