2408 3840
497 160 537 215 111
551 167 576 230 2,
590 177 684 217 ra—ra.
834 226 840 237 ἢ
1038 162 1101 226 103

93 306 206 392 faciet,
229 305 402 391 denegabit
423 307 564 391 nuptias,
587 307 760 392 denegabit
781 306 882 391 filios,
907 307 1101 391 praesertim

94 396 122 460 si
147 394 181 460 in
205 394 366 480 malignae
390 396 503 461 stellae
531 396 582 461 vel
607 395 701 482 signo
729 395 779 460 vel
802 395 873 460 loco
902 397 953 460 vel
980 397 1100 463 finibus

93 483 195 549 fuerit
217 484 376 548 inventus.
423 482 515 559 Quod
538 485 567 549 si
590 485 741 550 benivola
764 485 859 548 stella
886 485 931 550 sic
956 487 1100 569 positum

93 595 152 658 per
178 577 307 638 noctem
340 571 486 657 [saltem]
516 572 692 638 Saturnum
725 575 810 638 bona
842 573 1020 638 radiatione
1053 597 1100 639 re·

67 660 251 747 aspexerit,
277 662 310 725 id
333 666 383 727 est
406 660 493 726 Iovis
522 666 578 726 aut
602 662 752 744 Veneris,
779 662 992 745 †specialiter
1018 685 1099 747 quos

93 751 191 834 paulo
215 754 290 815 ante
309 750 447 815 diximus
469 751 631 836 denegari,
654 773 694 816 ex
712 751 821 834 aliqua
839 754 932 834 parte
950 751 1100 835 largitur.

94 837 158 904 Sed
181 839 366 923 specialiter
386 838 518 904 Saturni
542 840 637 905 stella
659 862 718 924 per
739 843 870 904 noctem
892 839 927 902 in
948 841 1099 905 omnibus

93 928 279 993 cardinibus
299 928 477 993 constituta
494 927 580 993 mala
598 931 766 1014 geniturae
785 927 926 992 maxima
943 927 1098 1013 decernit3

93 1039 209 1081 uxores
234 1017 320 1080 enim
343 1017 488 1101 perimit,
515 1017 602 1082 filios
625 1017 804 1102 prosternit
829 1022 862 1081 et
886 1019 1018 1083 acerbos
1043 1018 1097 1082 do·

52 1134 81 1175 io
92 1105 178 1170 lores
199 1104 350 1170 orbitatis
369 1128 496 1190 semper
514 1106 636 1171 indicit.
674 1106 797 1182 Quodsi
815 1104 862 1169 sic
876 1106 1002 1189 positus
1020 1109 1152 1174 con-22

92 1193 293 1259 iunctionem
310 1194 420 1261 Lunae
444 1195 622 1260 deficientis
646 1195 816 1279 exceperit,
839 1196 877 1276 is,
901 1196 957 1280 qui
976 1196 1022 1260 sic
1040 1194 1098 1260 Sa-

93 1287 227 1348 turnum
249 1283 413 1366 habuerit,
440 1283 545 1367 <erit>
568 1285 770 1368 paupertatis
799 1304 895 1347 onere
923 1283 1098 1368 confectus,

92 1376 131 1436 ut
149 1377 182 1436 et
200 1373 380 1437 cotidianae
398 1373 485 1437 vitae
504 1373 659 1437 alimenta
681 1373 735 1438 vix
752 1372 881 1454 habeat,
904 1373 1098 1456 praesertim

93 1459 123 1526 si
140 1459 233 1525 Luna
255 1462 290 1525 in
312 1460 467 1525 feminino
492 1461 585 1546 signo
605 1463 783 1526 constituta
806 1460 957 1525 deficiens
976 1461 1097 1524 lumine
1131 1540 1133 1543 ι

51 1571 128 1619 use
152 1546 292 1614 Saturno
317 1549 527 1614 coniunxerit.
571 1548 693 1624 Quodsi
716 1550 763 1615 sic
788 1548 947 1614 Saturnus
970 1548 1097 1633 positus

92 1637 202 1702 radios
217 1638 325 1702 Lunae
345 1638 518 1702 crescentis
537 1638 707 1721 exceperit,
725 1637 991 1722 inaequalitatem
1010 1638 1097 1703 vitae

92 1727 245 1807 decernit,
267 1730 388 1790 utnon
408 1726 452 1789 sit
474 1726 508 1789 in
531 1747 578 1810 eo,
602 1727 657 1810 qui
677 1727 724 1792 sic
741 1727 894 1791 habuerit
913 1723 1098 1811 Saturnum,

91 1834 177 1877 unus
199 1814 286 1878 vitae
310 1813 488 1897 similisque
512 1836 637 1892 cursus,
666 1816 722 1879 sed
749 1820 786 1879 ut
814 1836 940 1899 semper
968 1837 1002 1879 se
1030 1838 1098 1879 mu-

91 1902 188 1966 tabili
206 1902 394 1967 diversitate
409 1907 584 1967 convertat
619 1900 652 1966 Si
670 1925 747 1967 vero
767 1904 814 1968 sic
828 1905 936 1987 posito
952 1900 1093 1968 Saturno
1105 1903 1149 1968 23

47 2016 77 2061 ω
92 1991 243 2055 Mercurii
268 2013 302 2055 se
326 1991 356 2055 ei
379 1991 474 2055 stella
497 1991 682 2076 sociaverit,
708 2014 843 2056 acumen
867 1991 971 2056 cordis
995 1992 1096 2055 maxi-

91 2102 182 2144 mum
205 2079 297 2143 dabit
325 2083 358 2144 et
379 2080 512 2164 longam
535 2081 621 2143 vitae
647 2080 878 2165 substantiam,
905 2081 1098 2164 praesertim

92 2169 120 2232 si
144 2168 293 2234 dominus
317 2169 485 2253 geniturae
513 2169 564 2232 vel
592 2170 686 2232 dator
708 2169 794 2233 vitae
820 2167 927 2233 fuerit.
974 2168 1097 2246 Quodsi

92 2257 273 2322 contrarius
292 2257 446 2342 fueritis,
470 2257 526 2341 qui
545 2258 694 2322 dominus
714 2258 882 2343 geniturae
900 2261 960 2340 est,
979 2258 1018 2341 ei,
1041 2257 1098 2341 qui

91 2345 187 2411 dator
209 2346 295 2410 vitae
322 2345 435 2429 fuerit,
463 2369 501 2409 ex
528 2346 579 2410 his
604 2347 710 2431 annis,
738 2347 793 2430 qui
820 2346 940 2410 decreti
967 2346 1096 2429 fuerint,

46 2460 76 2505 aa
91 2433 230 2519 triginta
248 2456 349 2499 annos
369 2434 547 2518 subtrahit,
566 2435 621 2499 sed
640 2439 673 2499 et
686 2436 824 2499 fortiora
842 2435 929 2499 mala
944 2434 1098 2521 decernit,

90 2523 380 2606 quotienscumque
404 2523 450 2588 sic
474 2524 651 2589 collocatus
683 2528 796 2589 contra
819 2524 985 2589 dominum
1008 2525 1097 2609 geni-

89 2617 192 2695 turae,
212 2634 307 2695 quem
323 2611 461 2676 Graeci
481 2613 715 2695 oecodespoten
729 2619 855 2695 vocant,
873 2612 924 2677 vel
940 2613 967 2676 si
982 2616 1097 2677 contra

88 2701 238 2766 datorem
252 2701 338 2765 vitae
352 2699 451 2765 fuerit
466 2701 653 2785 collocatus
668 2701 861 2784 praesertim
876 2701 905 2764 si
918 2700 1007 2765 Mars
1022 2722 1095 2765 eum

88 2790 251 2873 quadrata
282 2791 333 2853 vel
365 2789 525 2854 diametra
552 2789 730 2854 radiatione
758 2789 942 2873 reapexerit.
984 2789 1096 2855 Faciet

179 3016 316 3069 4saltem
337 3033 371 3071 sa.
390 3021 418 3068 M
442 3016 492 3070 dcl.
512 3036 528 3068 a
562 3018 566 3087 l
599 3015 733 3084 respexit,
757 3033 824 3070 corr.
844 3014 873 3069 A'
966 3021 1099 3082 tuenus,

86 3103 158 3142 corr.
176 3104 196 3139 v
262 3086 412 3141 felicitates
435 3102 540 3155 quasa
613 3087 731 3156 6paulo
750 3104 799 3141 om.
818 3092 841 3138 V
913 3086 1097 3156 Sgeniturae

86 3157 167 3219 mala
184 3177 201 3212 κ
252 3157 399 3225 maximae,
418 3174 485 3212 corr.
505 3156 534 3209 A'
610 3162 643 3211 10
661 3157 805 3227 orbitates,
824 3174 892 3211 corr.
912 3155 942 3210 A‘
964 3161 969 3227 Ι
993 3156 1096 3226 potius,

87 3244 157 3284 corr.
177 3227 206 3280 A'
264 3235 296 3283 12
315 3230 402 3298 suppl.
422 3248 439 3281 e
455 3231 459 3298 Ι
475 3230 656 3298 paupertates
674 3234 708 3280 P³
724 3231 728 3298 Ι
744 3229 846 3283 honere
864 3233 943 3281 m
1002 3234 1035 3282 16
1053 3227 1095 3282 in·

87 3298 323 3368 aequabilitatem
341 3306 364 3352 V
428 3306 460 3353 18
479 3316 550 3353 unus
569 3318 587 3353 v
604 3298 697 3368 (unius
715 3300 760 3371 Δ)]
779 3316 842 3354 uen.
911 3305 946 3353 20
964 3297 992 3352 ei
1009 3299 1059 3353 dcl.
1078 3319 1096 3354 a

88 3376 123 3425 23
146 3372 287 3442 penitaque
309 3373 436 3426 dontinus
458 3389 477 3425 c
498 3372 570 3425 vitoe
596 3371 689 3425 datore
715 3388 772 3425 noa
794 3372 929 3440 dicaeus,
956 3371 991 3437 cf.
1012 3374 1097 3436 73,12

86 3441 545 3511 N19,1.2o,1sarmaa265
635 3446 669 3495 24
694 3442 728 3508 cf.
750 3445 820 3509 74,1
853 3444 857 3510 Ι
892 3440 1011 3496 decretis
1034 3447 1096 3494 1²12·

88 3518 124 3567 26
141 3511 260 3584 potiora,
279 3530 347 3568 corr.
366 3533 383 3567 κ
455 3517 488 3566 27
508 3511 746 3582 octodeapotenl’
