2416 3840
125 153 144 216 8
561 151 699 207 FIRMICI

125 320 186 381 que
211 298 443 382 conquirimus,
472 298 500 362 si
523 296 701 361 Mercurius
729 296 816 361 lovis
844 319 881 361 ao
904 297 1012 362 Lunae
1036 298 1134 364 bonis

125 387 361 451 radiationibus
389 391 589 469 temperatus
618 386 658 449 ad
686 385 844 450 desideria
872 407 932 449 nos
956 389 989 450 et
1012 388 1135 471 cupidi·

93 478 209 542 States
233 476 329 539 istius
352 475 483 540 virtutis
513 472 723 538 inflammat.“
767 473 878 538 Etiam
902 475 1048 560 singulos
1072 476 1135 541 ho-

125 563 227 627 mines
246 565 307 629 hac
325 564 555 648 disputationis
580 563 726 628 oratione
745 562 952 628 conveniunt:
975 563 1135 648 „Frustra

123 652 234 737 habes,
248 675 266 717 o
281 654 364 717 bone
380 653 439 737 vir,
455 653 609 717 dilectum
624 652 784 716 bonarum
798 673 906 715 rerum
921 675 958 717 ac
973 655 1134 719 malarum
1164 682 1177 722 5

123 741 268 826 fugiendi
292 742 517 825 cupiditatem!
558 740 641 816 Quid
665 745 698 804 te
721 741 869 805 honestis
891 742 1135 824 provisionibus

124 851 161 895 ac
193 831 381 916 diligentiae
415 830 579 914 suffragiis
613 829 740 913 munis,
773 827 801 893 si
833 832 940 894 totum
972 830 1034 894 hoc
1070 832 1135 897 tibi

122 941 189 983 non
212 919 360 1001 scientia,
384 918 439 983 sed
458 922 515 982 aut
539 916 698 983 Saturnus
721 922 867 1002 praestat
887 923 943 982 aut
961 916 1132 1003 Iuppiter?

127 1007 389 1091 Contemnamus,
413 1007 441 1070 si
465 1007 605 1091 videtur,
628 1008 704 1071 deos
729 1010 761 1070 et
784 1005 979 1092 religionum
1004 1012 1135 1074 sanetas

125 1097 389 1179 venerabilesque
413 1095 626 1161 caerimonias
651 1096 808 1180 sacrilego
832 1097 1065 1179 desperationis
1086 1121 1137 1163 ar·
1150 1128 1178 1165 ro

95 1186 204 1252 9dore
227 1183 443 1269 publicemus!
490 1184 575 1260 Quid
597 1185 742 1267 invocas,
765 1189 887 1269 arator,
910 1186 1010 1250 deos?
1057 1185 1135 1252 Sine

126 1296 204 1338 cura
226 1274 368 1337 numinis
392 1273 442 1337 tui
465 1273 595 1358 ingenio
619 1274 739 1357 segetis
762 1273 871 1338 sulcus
895 1278 1051 1359 aequatus
1075 1281 1135 1340 est.

122 1362 172 1427 Tu
196 1363 250 1446 qui
276 1385 334 1445 per
354 1366 466 1445 aperta
485 1360 563 1447 iuga
581 1361 739 1426 olivarum
765 1361 826 1446 [in]
846 1363 948 1427 aciem
969 1363 1135 1429 distinctis

123 1451 290 1534 componis
315 1450 497 1533 ordinibus,
524 1450 647 1514 frustra
677 1449 812 1515 devoves
840 1450 957 1515 vitium
980 1451 1135 1535 palmites

124 1539 240 1604 Libero
269 1544 326 1604 tuo
355 1540 509 1623 religiosa
536 1560 610 1603 cum
633 1537 866 1623 trepidatione,
890 1539 1081 1624 cuiusquam
1104 1543 1133 1606 si
1150 1570 1177 1611 15

123 1627 191 1691 sine
223 1627 385 1711 praesidio
418 1627 600 1692 divinitatis
629 1629 798 1692 stellarum
828 1650 935 1708 eursu,
952 1632 1009 1692 aut
1036 1631 1134 1695 dene-

71 1721 113 1784 10
123 1721 243 1801 gantur
271 1720 328 1780 aut
351 1718 478 1781 dantur.
525 1715 574 1780 Tu
602 1717 657 1800 qui
676 1717 865 1801 promulgas
888 1718 977 1802 leges
1002 1740 1039 1782 ae
1062 1720 1135 1784 iura

122 1805 238 1888 sancis,
262 1805 349 1878 tolle¹
366 1806 463 1888 scita,
485 1805 584 1890 refige
609 1806 739 1870 tabulas
763 1811 796 1869 et
818 1805 892 1870 istis
914 1828 975 1870 nos
999 1808 1136 1873 severis-

122 1895 213 1958 simis
234 1893 566 1959 animadversionibus
585 1894 701 1959 libera:
724 1895 818 1958 illum
837 1895 1031 1981 sacrilegum
1048 1895 1133 1961 Mer-

122 1984 239 2066 curius,
262 1987 300 2048 ut
323 1983 547 2048 mathematici
565 1984 689 2067 volunt,
712 1983 805 2047 illurn
829 1984 1010 2048 adulterum
1018 1985 1131 2051 Venus
1146 2015 1175 2054 eo

121 2072 212 2156 fecit,
237 2072 331 2137 illurn
355 2073 395 2137 ad
417 2095 512 2137 neces
536 2072 705 2137 hominum
729 2070 845 2136 Martis
869 2072 957 2137 sidus
981 2074 1132 2160 armavit,

121 2161 215 2224 illum
239 2166 363 2226 mutare
387 2162 573 2225 tabularum
595 2161 702 2241 fidem,
725 2160 819 2225 illum
841 2182 963 2226 venena
986 2161 1131 2249 miseere,

72 2299 77 2306 .
121 2248 214 2313 illum
234 2250 468 2332 quiescentium
492 2271 621 2314 securas
641 2249 765 2312 animas
784 2254 817 2313 et
835 2249 901 2313 iam
919 2248 1054 2315 Lethaei
1072 2253 1131 2317 flu-

122 2337 219 2401 minis
243 2338 405 2402 oblivione
424 2341 580 2420 purgatas
600 2336 780 2401 Mercurius
804 2339 893 2423 cogit
911 2338 1043 2405 nefariis
1063 2363 1132 2406 car-

70 2425 261 2493 llminibus
286 2426 434 2490 excitare.
480 2425 564 2489 Eece
592 2425 647 2489 ille
674 2425 807 2491 incestis
835 2422 1056 2494 inflammatur
1079 2452 1129 2494 ar·
1145 2459 1173 2499 ra

122 2514 268 2597 doribus,
304 2514 398 2578 illum
430 2513 519 2579 vides
555 2536 729 2598 puerorum
767 2517 989 2599 complexibus
1021 2518 1131 2583 inhae-

121 2608 260 2668 rentem:
284 2625 414 2668 oausam
436 2602 533 2668 huius
556 2605 640 2668 tanti
664 2604 741 2668 mali
760 2603 859 2669 Marti
878 2606 1053 2671 tribuimus
1072 2613 1130 2672 aut

121 2692 250 2757 Veneri.
296 2692 356 2756 Ille
384 2697 417 2756 te
447 2692 578 2758 iubente
607 2716 704 2758 manu
736 2693 896 2759 carnificis
930 2695 998 2759 sine
1032 2717 1130 2761 causa

120 2803 293 2866 percussus
317 2785 380 2866 est,
409 2781 444 2845 in
470 2780 562 2847 illum
589 2803 647 2867 per
669 2781 737 2847 PR.
765 2782 852 2847 dicta
880 2785 1042 2848 sententia
1065 2789 1129 2849 est:

209 2955 474 3026 4dispositionis1²
500 2959 550 3011 uta
568 2974 601 3012 ss.
620 2957 694 3010 rubr.
768 2956 942 3011 bdelectum
955 2963 978 3009 V
1051 2959 1129 3012 tfu-

120 3027 209 3098 gienti
227 3033 262 3079 1²⁸
351 3027 440 3083 Stibi
457 3043 509 3081 nec
527 3027 627 3082 scienti
646 3029 729 3098 (neec.
748 3029 776 3098 v)
795 3031 846 3082 aut
864 3027 893 3080 A'
924 3030 928 3099 l
958 3028 1061 3098 iupiter
1080 3035 1128 3089 ev

121 3101 384 3168 boontempnamus
458 3105 490 3152 12
512 3099 603 3152 cultus
621 3104 644 3150 V
717 3103 749 3151 13
773 3098 910 3153 oliuarum
929 3099 972 3171 A']
996 3100 1126 3174 cliuum!

120 3169 209 3223 aciem
227 3172 256 3242 a]
275 3169 305 3223 in
319 3169 408 3224 aciem
422 3176 473 3222 ΜΡ
491 3169 610 3223 maciem
623 3174 645 3221 V
665 3169 694 3221 in
709 3168 833 3223 ordinem
848 3176 869 3230 Q
888 3170 974 3225 olivas
994 3170 1024 3224 in
1039 3171 1128 3225 aciem

672 3254 684 3280 r
738 3254 751 3281 8

119 3295 214 3349 Escor.
307 3300 339 3348 15
363 3310 415 3348 con
437 3311 471 3349 ss.
496 3311 559 3347 cum
582 3299 603 3353 Q
628 3294 632 3363 Ι
661 3292 830 3365 tepiditione
857 3297 881 3364 (t
900 3297 982 3363 prius
1004 3314 1037 3350 ex
1060 3299 1128 3366 c)P

121 3371 153 3419 18
168 3365 274 3420 sanccis
289 3371 310 3425 Q
325 3368 329 3436 Ι
346 3367 458 3434 scytal’
474 3366 478 3436 l
494 3364 617 3434 refringe
628 3370 651 3417 v
705 3371 737 3419 21
754 3365 839 3435 sydus
853 3371 932 3418 ΗΝ
987 3373 1020 3421 24
1036 3367 1129 3438 coegit

120 3437 214 3491 Escor.
287 3441 321 3489 25
340 3435 453 3490 incestis
477 3453 527 3490 om.
547 3442 574 3488 M
598 3439 602 3506 Ι
627 3435 873 3491 inflammantur?
946 3443 978 3491 27
997 3438 1072 3492 tanti
1090 3457 1127 3493 m.

119 3506 202 3560 huius
221 3507 258 3562 M.
278 3510 328 3560 aut
344 3507 378 3561 V.
397 3506 537 3561 tribuibus
558 3513 579 3567 Q
650 3513 684 3560 29
702 3523 753 3576 per
770 3507 838 3580 Pit]
856 3524 1003 3578 perperam
1020 3514 1043 3561 Δ
