2416 3840
114 142 136 204 4
555 140 693 195 FIRMIGI

115 288 265 374 quentiae
288 290 364 352 tuae
387 287 507 352 iudicio
531 287 746 370 requirantur.
786 286 826 350 In
843 286 938 351 nobis
962 290 1059 351 tenue
1078 288 1129 352 in-

116 378 248 464 genium
271 379 304 440 et
332 397 438 440 sermo
466 376 597 440 subtilis
622 380 667 454 et,
698 375 784 459 quod
807 397 881 440 vere
905 376 1128 441 confitendum

115 471 173 545 est,
189 465 373 529 matheseos
387 465 614 549 †permodiea;
633 486 715 549 quae
735 463 843 529 omnia
863 485 937 528 oum
954 486 1015 529 nos
1033 465 1128 530 varia

115 554 340 637 desperatione
368 554 552 637 turbarent,
585 553 730 639 adgressi
759 575 870 616 sumus
905 557 1015 617 tamen
1048 555 1128 619 sori·

48 641 49 644 ’
114 641 211 707 bendi
234 643 389 727 laborem,
411 664 460 724 ne,
483 641 562 707 lieet
583 643 616 705 in
641 641 750 705 arduis
774 663 811 706 ao
829 640 1032 707 difficillimis
1050 664 1127 727 pro·
1158 670 1170 710 5

115 730 324 795 missionibus
340 731 521 815 constituti,
535 731 725 815 prudentiae
740 734 825 814 tuae,
839 729 997 815 Lolliano,
1008 730 1129 796 doetis-

115 820 197 884 sima
219 819 339 884 iudioia
361 820 556 885 falleremus.

604 979 629 1043 I.

85 1089 102 1152 1
203 1086 242 1150 In
264 1085 427 1151 vestibulo
450 1085 561 1171 itaque
586 1085 744 1150 orationis
768 1089 865 1167 atque
884 1085 918 1148 in
937 1085 1018 1168 ipsis
1037 1086 1128 1168 prin-

115 1175 274 1260 cipiorum
297 1174 482 1257 primordiis
507 1174 679 1239 constituti
697 1173 780 1237 nihil
805 1173 892 1237 aliud
916 1194 1011 1258 agere
1031 1175 1127 1240 debe·
1143 1204 1170 1243 ro

114 1286 197 1349 mus,
219 1263 284 1327 nisi
307 1263 414 1327 uthis
434 1264 694 1346 respondeamus,
718 1262 774 1345 qui
793 1264 898 1325 totam
916 1263 982 1327 vim
1001 1264 1127 1329 mathe-

115 1375 187 1417 seos
207 1350 383 1435 multiplici
402 1351 586 1416 orationum
604 1372 721 1436 genere
740 1350 937 1415 labefactare
956 1357 1127 1438 conantur,

114 1441 170 1525 qui
199 1441 370 1505 sententiis
398 1462 435 1504 ac
463 1440 739 1523 disputationibus
768 1439 835 1503 suis
864 1462 993 1504 omnem
1021 1440 1127 1524 philo-

113 1531 264 1614 sophiam
288 1528 495 1612 divinamque
519 1529 690 1593 seientiam
717 1532 836 1611 putant
863 1550 897 1593 se
925 1550 1022 1612 posse
1045 1531 1127 1595 elati

114 1619 274 1683 sermonis
299 1617 493 1683 auctoritate
515 1617 725 1703 perfringere.
768 1616 865 1699 Quos,
890 1617 975 1682 sieut
998 1638 1059 1703 ego
1078 1619 1127 1684 iu·
1142 1645 1168 1685 1⁵

45 1746 47 1750 -
114 1707 186 1771 dico
210 1709 243 1771 et
267 1707 352 1771 siout
374 1706 454 1789 ipsis
478 1706 574 1770 rebus
597 1707 769 1790 probatur,
792 1728 859 1770 non
880 1706 1054 1771 infirmitas
1078 1708 1127 1792 ip·

113 1795 182 1860 sius
214 1793 407 1878 falsitasque
439 1795 622 1880 doetrinae,
655 1796 710 1859 sed
743 1793 983 1859 eontradioendi
1015 1796 1126 1862 studia

114 1883 305 1968 sollicitant,
323 1887 361 1948 ut
376 1884 472 1949 certis
487 1906 524 1948 ao
539 1884 680 1948 definitis
694 1884 800 1967 rebus,
822 1906 902 1967 quas
916 1905 982 1948 non
995 1886 1126 1950 tantum

114 1973 223 2038 animo
244 1995 282 2038 ao
301 1973 427 2037 ratione
442 1973 612 2055 cernimus,
632 1974 687 2036 sed
705 1972 852 2056 ipsorum
869 1971 1037 2036 oculorum
1055 1974 1127 2038 acie

114 2068 147 2126 et
165 2063 285 2127 iudicio
305 2062 531 2146 oonspieimus,
551 2061 834 2147 argumentatione
852 2062 1009 2146 pugnacis
1028 2061 1127 2128 lioen-
1141 2089 1168 2128 so

84 2151 180 2215 2tiae
203 2151 384 2216 resistatur.
430 2151 475 2215 Hi
496 2172 637 2234 namque
659 2149 757 2214 nimis
785 2150 862 2214 altis
886 2171 923 2214 ae
947 2150 1125 2217 subtilibus

115 2238 393 2322 disputationibus
418 2240 485 2304 suis
509 2261 548 2303 ex
576 2237 656 2321 ipsis
685 2238 791 2321 primo
819 2239 1126 2305 mathematicorum

115 2327 280 2411 responsis
299 2327 393 2411 quasi
411 2349 468 2410 per
487 2327 672 2391 cuniculum
690 2327 849 2410 quendam
869 2329 908 2391 ad
927 2328 1127 2394 labefactan-

115 2416 189 2480 dam
221 2415 304 2480 hane
337 2419 442 2479 totum
464 2415 644 2480 seientiam
676 2420 834 2480 conantur
870 2417 1029 2501 inrepere;
1067 2419 1126 2502 qui
1174 2443 1179 2452 ·

115 2507 238 2588 quanto
257 2503 479 2569 vehementius
497 2507 646 2589 pugnant
670 2508 891 2588 quantumque
910 2506 1125 2589 persuadendi
1140 2532 1166 2573 a

114 2594 183 2658 vias
217 2596 385 2676 quaerunt,
418 2596 512 2658 tanto
544 2594 641 2657 fidem
674 2593 871 2678 astrologiae
900 2594 1125 2661 vehementius

86 2682 298 2764 3fortiusque
326 2682 526 2747 confirmant.
572 2680 686 2766 Neque
716 2682 802 2746 enim
834 2686 920 2747 esset
952 2683 1020 2748 eius
1048 2706 1127 2749 vera

117 2771 308 2854 substantia,
330 2770 395 2835 nisi
418 2775 532 2836 eontra
555 2793 626 2835 eam
646 2771 746 2835 tantis
765 2775 1031 2857 argumentorum
1050 2773 1126 2837 viri-

115 2861 177 2925 bus
195 2860 384 2924 niterentur.
416 2858 485 2926 Neo
503 2861 566 2924 hoo
586 2862 636 2924 est
655 2860 867 2925 admiratione
887 2860 1030 2947 dignum,
1050 2883 1125 2926 oum

116 2949 255 3014 sciamus
278 2949 363 3013 inter
385 2949 475 3034 ipsos
499 2954 621 3034 quanta
644 2949 688 3013 sit
710 2948 794 3033 <de>
816 2949 889 3033 ipsa
912 2949 1045 3014 deorum
1068 2972 1126 3015 na·
1140 2978 1167 3017 eo

154 3107 157 3113 ⁴
205 3146 221 3194 2
245 3139 369 3212 subtilis]
393 3139 526 3194 subexilis
550 3141 703 3196 Mommsen
792 3147 808 3194 3
831 3140 934 3210 peritia
956 3141 1068 3196 modica
1091 3143 1126 3198 de

119 3213 294 3279 Winterfeldt
309 3211 500 3282 permodicum
518 3213 552 3266 ab
570 3229 625 3266 asa
642 3213 751 3267 dicendi
769 3213 890 3267 alienam
961 3221 978 3267 4
997 3213 1125 3338 egglressi

115 3290 169 3336 MV
232 3282 429 3336 5difioillimis
447 3288 470 3334 V
543 3289 575 3336 13
591 3291 654 3352 post
672 3282 729 3336 suis
748 3301 800 3338 ros.
818 3289 834 3338 1
853 3285 903 3339 litt.
923 3289 950 3335 Μ
972 3285 976 3353 Ι
1001 3303 1020 3354 p
1043 3284 1125 3339 'oso-

113 3355 220 3425 phyam
236 3360 263 3406 H
280 3353 496 3424 phylosophiam
513 3360 533 3406 P
597 3361 630 3408 15
648 3353 835 3424 perstringere
853 3361 880 3407 Η
942 3362 975 3409 19
995 3357 1039 3427 ao]
1059 3359 1125 3411 etv

115 3432 149 3480 21
168 3425 210 3479 hii
227 3430 275 3478 Π
364 3431 398 3478 25
415 3424 635 3495 persuadenti?
724 3431 758 3479 26
773 3433 837 3494 post
854 3429 935 3481 tanto
953 3443 1021 3481 erus.
1042 3435 1078 3495 q?
1096 3433 1125 3480 Ι

115 3501 149 3551 29
169 3495 363 3550 ammiratione
381 3502 403 3549 v
493 3502 527 3551 30
545 3496 608 3566 ipsa
626 3497 741 3551 deorum
758 3499 877 3552 naturae
895 3503 982 3566 nv,
1003 3514 1071 3554 corr.
1092 3497 1123 3552 A'
