2416 3840
505 171 543 225 IV
559 176 600 239 19,
615 187 710 227 ia-rr.
1038 171 1101 236 249

94 317 148 384 rel
174 317 209 381 in
236 316 354 382 finibus
383 317 450 381 suis
478 320 511 381 et
538 313 570 379 in
596 316 710 399 quinto
734 316 785 381 vel
807 317 842 381 in
865 316 920 382 XI.
944 318 985 382 ab
1008 317 1103 382 horo·

98 428 197 490 scopo
225 406 297 471 loco
326 405 524 470 constitutus
551 404 602 468 vel
629 405 664 467 in
687 403 756 472 Mc.
780 405 832 469 vel
859 406 894 470 in
920 405 1102 490 horoscopo

97 501 131 561 et
158 495 359 560 deficientem
392 491 569 577 respexerit
600 491 726 557 Lunam
753 493 805 558 sel
833 493 983 560 deficiens
1011 494 1104 560 Luna

97 584 276 649 dominium
304 582 405 647 Marti
433 581 610 647 decreverit
637 584 670 646 et
697 581 785 648 lovis
808 580 947 668 (stella)
975 606 1009 648 se
1038 606 1104 649 car-

64 701 82 751 ,s
97 671 227 738 dinibus
255 669 416 756 trigonica
443 669 623 735 radiatione
655 671 846 756 coniungat,
877 671 975 737 faciet
1007 673 1103 738 duces

96 761 246 827 tribunos
265 759 428 825 terribiles
444 781 481 824 ac
494 762 645 843 potentes
661 762 694 823 et
709 758 765 844 qui
780 761 929 845 regiones
944 760 1102 826 maximas

97 854 130 916 et
162 850 280 915 multas
314 849 462 914 civitates
495 848 664 932 optineant
693 847 777 933 [qui]
805 851 838 913 et
866 849 982 932 quibus
1016 849 1104 913 orbis

97 940 200 1004 totius
223 938 342 1003 iudicia
366 938 544 1002 credantur.
591 934 626 1000 si
649 958 725 1002 vero
748 937 783 1001 in
807 959 935 1022 occasu,
962 938 1047 1002 idest
1070 937 1156 1004 inlu

96 1027 170 1092 Vll.
195 1027 234 1092 ab
258 1026 440 1110 horoscopo
463 1026 544 1109 loco,
568 1024 667 1090 buerit
688 1026 816 1111 positus
841 1048 913 1091 cum
936 1027 1002 1091 ista
1021 1048 1105 1093 com·

57 1147 84 1188 10
98 1115 264 1200 mixtione,
287 1137 384 1199 quam
408 1115 561 1197 diximus,
587 1118 663 1198 post
690 1115 902 1180 haecomnia
931 1115 1011 1181 facit
1038 1117 1106 1180 bio·

99 1205 253 1270 thanatos
285 1204 428 1269 interire.
480 1201 613 1286 Semper
641 1202 727 1268 enim
758 1203 836 1289 <in>
869 1226 984 1269 occasu
1017 1205 1104 1270 Mars

97 1294 225 1379 positus
254 1293 414 1358 violentae
447 1293 562 1357 mortis
591 1290 765 1358 discrimen
791 1292 920 1375 indicit,
952 1294 1008 1358 sed
1034 1293 1106 1378 ipsa

98 1404 201 1466 mors,
229 1384 314 1446 sicut
341 1381 524 1464 frequenter
548 1380 701 1462 diximus,
728 1403 788 1463 pro
813 1382 981 1466 signorum
1005 1382 1105 1465 quali-

101 1474 169 1534 tate
203 1471 384 1553 perficitur,
418 1490 499 1553 quae
533 1469 642 1533 omnia
673 1490 791 1554 genera
822 1469 857 1533 in
889 1467 988 1533 tertio
1020 1470 1105 1535 libro

59 1589 85 1630 15
101 1556 233 1643 speciali
266 1558 503 1645 significatione
536 1558 801 1642 monstravimus3
839 1579 965 1641 semper
998 1560 1107 1623 autem

100 1648 176 1732 (in)
198 1647 286 1712 Iovis
314 1647 432 1711 finibus
456 1645 583 1730 positus
607 1645 635 1710 si
658 1645 746 1710 loris
773 1645 825 1710 sel
847 1645 985 1711 Veneris
1008 1646 1107 1712 tuerit

100 1737 297 1801 testimoniis
321 1736 500 1820 mitigatus,
524 1733 666 1798 malitiae
690 1756 766 1798 suae
789 1735 883 1819 ponit
907 1736 1062 1800 ardorem.

188 1824 321 1890 Venus.
360 1823 394 1889 Si
408 1822 519 1887 Venus
539 1823 670 1887 domina
688 1823 856 1908 geniturae
870 1823 969 1888 fuerit
984 1824 1106 1903 effecta,
1119 1826 1158 1891 17

100 1914 181 1979 facit
212 1914 359 1978 homines
393 1910 600 1976 delectabiles
632 1912 735 1976 laetos
765 1912 941 1995 vocabiles,
974 1912 1106 1979 adsiduo

60 2033 86 2072 00
100 2004 175 2067 lusu
195 2006 355 2085 vacantes,
377 2000 532 2065 amabiles
552 2003 664 2086 gratos
684 2005 837 2065 venustos
857 2006 1018 2066 amatores
1037 2001 1109 2066 libi·

101 2091 233 2155 dinosos
262 2089 334 2173 pios
366 2089 470 2153 iustos
501 2093 534 2152 et
564 2090 648 2172 apud
680 2111 760 2173 quos
788 2089 918 2175 integra
945 2093 977 2154 et
1004 2091 1108 2155 incor-

101 2182 199 2262 rupta
222 2178 384 2241 amicitiae
412 2177 617 2241 necessitudo
640 2182 837 2261 permaneat.
883 2176 1007 2262 Corpus
1031 2201 1108 2244 vero

101 2289 213 2332 eorum
237 2267 300 2330 erit
322 2267 457 2351 longum
481 2265 666 2351 candidum,
688 2266 856 2331 habebunt
881 2267 990 2331 oculos
1014 2272 1108 2352 grato

101 2355 281 2421 venustatis
302 2355 470 2438 splendore
489 2354 660 2439 fulgentes,
680 2355 794 2439 spissis
814 2356 940 2438 capillis
960 2360 1016 2420 aut
1031 2359 1109 2422 mol-

60 2475 86 2515 05
100 2445 176 2509 liter
208 2444 299 2508 flexis
333 2447 389 2508 aut
422 2446 516 2529 grata
547 2443 798 2528 pulchritudinis
825 2448 996 2510 venustate
1024 2467 1109 2510 com·

100 2534 217 2619 positis
247 2537 304 2597 aut
332 2533 447 2617 crispis
476 2531 615 2597 crinium
642 2531 722 2597 facit
745 2532 931 2617 bostrychis
955 2539 1109 2618 comatos,

102 2622 266 2707 aequales,
293 2622 396 2686 multo
425 2624 505 2706 potu
533 2621 725 2706 gaudentes,
752 2622 916 2688 modicum
944 2627 1109 2687 sumentes

102 2712 210 2776 cibum
234 2716 267 2775 et
290 2711 346 2795 qui
370 2710 494 2792 [dentes
518 2710 663 2791 modum]
687 2711 834 2774 venerios
862 2713 966 2776 coitus
996 2712 1108 2777 crebro

103 2800 291 2882 cupiditatis
315 2800 429 2863 ardore
453 2799 635 2863 desiderent
654 2803 687 2863 et
706 2799 761 2882 qui
781 2822 891 2864 omnes
912 2799 1002 2864 cibos
1022 2799 1110 2864 facil·

193 3024 296 3097 1suis]
315 3041 410 3078 eorum
428 3030 455 3077 11
531 3024 727 3094 2constituto,
746 3042 813 3080 corr.
833 3025 897 3079 Sittl
968 3024 1111 3093 dmartis,

102 3116 169 3154 corr.
189 3116 207 3150 v
223 3100 227 3166 Ι
244 3097 307 3150 odd.
327 3117 343 3150 a
412 3093 566 3164 rorigone,
586 3112 651 3150 corr.
668 3095 697 3149 A'
764 3098 847 3150 ldel.
867 3094 922 3154 Μ’
992 3101 1024 3148 11
1045 3097 1108 3150 add.

104 3168 159 3230 Μ’
207 3174 240 3221 14
259 3169 394 3234 01121μο
441 3171 473 3219 15
488 3165 654 3235 specialiter,
673 3183 740 3222 corr.
761 3186 777 3219 a
829 3171 860 3219 16
879 3167 942 3220 cdd.
959 3165 987 3218 A‘
1006 3168 1010 3236 Ι
1022 3169 1112 3235 possis

103 3241 189 3314 (vel)
204 3239 227 3292 si
274 3244 307 3291 18
321 3240 402 3291 inser.
418 3253 467 3291 om.
483 3242 510 3289 Μ
557 3241 589 3289 19
604 3237 713 3291 vocales
724 3238 787 3292 stur
833 3243 864 3289 21
883 3239 911 3290 et
920 3237 1109 3310 posteriusn‘]

104 3312 190 3366 etiam
208 3315 303 3363 ΜΡΝ*
321 3308 408 3362 etiam
426 3310 455 3361 et
472 3307 537 3366 Μ
609 3314 642 3361 23
661 3311 765 3379 gratos,
784 3324 905 3362 correo
977 3313 1011 3361 25
1030 3312 1113 3378 grata

104 3384 156 3454 1⁸]
175 3383 296 3453 gradata
321 3382 325 3450 l
351 3378 505 3448 componit,
529 3394 597 3432 corr.
612 3399 628 3432 a
700 3385 734 3432 26
752 3378 882 3432 bostricis
899 3380 903 3450 Ι
920 3382 1043 3433 comatos
1062 3379 1111 3452 Bb]

105 3458 219 3508 conatos
271 3457 311 3511 ⁴28
332 3451 433 3520 cybum
450 3450 589 3519 1111on
608 3451 705 3504 dentes
723 3450 837 3503 modum
854 3456 881 3503 11
900 3452 1112 3521 dittoprupbiam

104 3527 244 3580 verborum
258 3523 426 3594 gau]dentes
441 3521 582 3575 modicum
596 3524 707 3592 agnouit
716 3522 864 3576 Buecheler
918 3527 950 3575 29
966 3522 1051 3591 cybos
1060 3528 1112 3575 ΜΡ
