2416 3840
101 159 144 222 20
454 108 456 110 *
520 157 680 212 ·FIRMIOI
747 200 748 204 ,

69 307 270 389 4separatur
292 303 425 369 invidia.
472 303 533 370 Oui
555 305 635 379 haec
663 304 804 370 tribuis?
842 306 914 388 quis
946 305 1011 370 ista
1040 308 1115 371 fieri

101 393 286 478 permittit?
320 393 371 457 cui
402 397 534 457 tantum
562 394 600 458 de
629 393 724 458 nobis
752 393 868 458 licuit?
913 393 965 460 Da
993 417 1112 461 manus

101 486 135 546 et
158 481 331 565 aliquando
355 481 428 546 istis
452 505 511 547 nos
540 482 785 547 contentionum
813 482 1113 550 conflictationibus

99 571 213 655 libera,
240 575 277 635 ut
304 569 384 635 haec
413 571 534 655 omnia,
562 593 643 655 quae
671 571 798 656 fragilis
827 575 860 635 et
890 573 1010 636 caduca
1036 595 1114 638 con-

101 659 207 724 suevit
244 659 327 724 ferre
365 660 565 741 mortalitas,
596 659 744 723 fortuitis
781 660 950 725 stellarum
983 661 1114 727 decerni
1143 689 1156 730 s

69 747 249 813 beursibus
278 747 378 812 etiam
406 753 463 813 tua
499 748 700 812 confessione
733 749 912 813 confirmes.
959 748 1044 825 Quid
1072 752 1114 816 de

101 837 239 920 †errore
261 837 440 901 honoribus
464 838 625 901 malorum
649 840 682 900 et
706 837 743 900 de
762 836 841 922 fuga
863 837 1032 922 exiliisque
1055 839 1115 904 bo-

99 948 216 990 norum
245 925 404 991 dicimus?
448 925 549 990 Vides
578 925 672 989 illum
700 925 872 990 servilibus
900 927 1036 992 maculis
1065 927 1115 992 in-

100 1014 221 1079 fectum
237 1015 347 1078 sordes
361 1036 398 1079 ac
412 1014 520 1078 labem
530 1014 658 1099 generis
674 1014 724 1078 sui
738 1014 958 1079 consularium
971 1014 1114 1081 fascium

100 1103 274 1168 nobilitate
288 1103 482 1188 protegere?
515 1103 576 1167 llle
590 1103 723 1187 ingenui
738 1103 1115 1188 sanguinis'ornamenta
1128 1134 1155 1172 ιο

101 1191 330 1256 circumferens
349 1192 511 1256 honorum
530 1191 648 1255 debitis
663 1192 811 1274 privatur
828 1191 1021 1276 insignibus.
1049 1192 1113 1259 Ille

101 1280 206 1364 primo
235 1281 353 1345 aetatis
381 1282 484 1365 gradu
512 1281 653 1364 positus,
685 1279 776 1344 nulla
806 1282 990 1364 praeferens
1019 1304 1114 1348 orna·

101 1373 213 1433 menta
230 1369 370 1451 virtutis,
386 1391 497 1434 omnes
510 1369 651 1433 honores
666 1368 837 1453 praecipiti
857 1369 1022 1434 celeritate
1038 1393 1114 1436 oon·

101 1458 222 1544 tinuat3
250 1457 305 1522 ille
329 1458 394 1522 iam
423 1457 601 1522 deficientis
631 1457 749 1521 aetatis
774 1458 863 1522 senio
888 1457 1054 1523 confectus
1080 1465 1114 1525 et

101 1548 326 1612 testimonium
355 1546 505 1631 egregiae
533 1545 620 1610 vitae
640 1568 802 1611 ...cursu
829 1569 914 1611 nunc
941 1547 1048 1630 primo
1077 1549 1114 1614 in
1128 1576 1153 1616 1⁵

70 1635 257 1701 badeundis
287 1636 466 1699 honoribus
500 1635 693 1719 auspicatur.
746 1634 834 1712 Quae
867 1635 968 1699 istum
1000 1658 1113 1702 senem

101 1725 186 1788 ratio
220 1723 420 1788 retardavit?
456 1724 571 1808 atquin
603 1723 653 1787 illi
685 1724 794 1788 omnia
824 1724 986 1788 honorum
1016 1746 1114 1791 orna-

102 1818 213 1878 menta
226 1814 312 1877 vitae
327 1813 480 1877 meritum
499 1813 724 1896 pollicebatur.
757 1812 836 1888 Quis
855 1812 948 1876 illum
961 1813 1114 1880 iuvenem

102 1904 142 1966 ad
170 1905 300 1967 tantum
327 1901 489 1966 honorum
516 1901 695 1985 cumulum,
727 1902 765 1965 de
799 1923 863 1984 quo
894 1901 977 1965 nihil
1006 1903 1113 1969 adhuc

102 1992 168 2056 tale
183 2013 312 2075 sperare
331 1995 529 2075 poteramus,
548 2013 644 2056 cursu
662 1989 851 2073 repentinae
870 1989 1037 2056 felicitatis
1052 1992 1113 2057 im·
1126 2019 1151 2058 a

101 2081 203 2166 pegit,
224 2081 288 2145 nisi
311 2081 361 2145 vis
384 2079 564 2164 illaquam
587 2078 723 2143 dicimus
742 2078 812 2162 fati,
836 2100 917 2162 quae
941 2079 1113 2146 stellarum

103 2170 282 2253 agitatione
314 2169 497 2252 perficitur,
527 2171 660 2251 operata
688 2171 752 2251 est,
782 2171 821 2231 ut
847 2166 941 2231 illum
969 2174 1113 2256 cogeret,

75 2258 190 2321 lhunc
217 2258 420 2321 retardaret?
471 2254 555 2330 Quid
587 2253 652 2319 iam
683 2257 721 2320 de
754 2255 1015 2321 damnationibus
1048 2257 1114 2323 elo·

104 2368 185 2431 quar
207 2346 368 2409 malorum
391 2349 597 2428 peccatorum
625 2348 682 2408 aut
705 2344 875 2409 criminum
898 2344 1038 2411 merito?
1067 2347 1114 2411 di·

104 2436 200 2501 cebas
236 2433 334 2517 paulo
372 2437 460 2497 ante:
497 2431 684 2516 frequenter
716 2432 855 2497 vidimus
887 2433 1113 2502 huiuscemodi
1126 2460 1150 2502 a

101 2524 237 2588 iniurias
261 2521 406 2586 omnium
429 2521 651 2586 consentiente
675 2521 794 2586 iudicio
814 2522 1041 2588 innocentibus
1065 2525 1113 2590 in·

72 2613 245 2697 8rogatas.
286 2609 580 2675 Prudentissimum
603 2610 696 2674 illurn
720 2609 969 2675 Atheniensium
992 2617 1026 2676 et
1048 2612 1114 2678 sin-

102 2700 226 2784 gularis
250 2699 397 2764 iustitiae
420 2700 534 2780 virum,
558 2700 613 2782 qui
637 2699 723 2762 vitae
747 2702 845 2782 atque
868 2699 1028 2765 virtutum
1046 2724 1113 2767 me·

101 2790 166 2854 rito
201 2788 356 2873 sapientis
389 2809 570 2874 cognomen
598 2792 777 2872 acceperat,
809 2788 939 2852 infamis
970 2791 1113 2856 testulae

101 2879 207 2944 iactus
236 2877 353 2963 exegit.
400 2877 550 2943 Socrates
580 2899 671 2959 vero,
703 2876 793 2941 cuius
820 2877 993 2962 prudentia
1020 2881 1113 2944 testi·
1127 2906 1151 2948 a

191 3058 206 3105 1
225 3053 260 3119 cf.
275 3052 351 3123 Verp.
362 3053 431 3107 Aea.
448 3052 493 3105 VI
503 3056 558 3106 502
614 3056 629 3104 5
649 3049 732 3119 cerni,
752 3067 819 3105 corr.
839 3069 877 3105 κσ
932 3057 947 3105 6
967 3052 1001 3105 de
1019 3051 1114 3123 gloria

102 3127 131 3180 et
148 3123 301 3179 honoribus
325 3141 340 3176 σ
363 3124 478 3191 exempli
495 3124 587 3193 pratia
677 3121 881 3176 11debitus1³
972 3129 1004 3177 15
1021 3128 1114 3193 possm

101 3197 176 3251 vitae
194 3195 357 3267 (adeptus)
448 3199 480 3247 16
505 3209 577 3263 quae
600 3193 686 3246 istum
703 3192 746 3265 Ν]
770 3193 929 3262 quaesitum
1019 3200 1052 3249 17
1076 3213 1113 3251 an

102 3302 171 3370 quin
184 3307 212 3353 Μ
230 3300 345 3369 atquiu
395 3307 428 3356 18
446 3267 632 3370 piollicebatur
650 3265 727 3355 iiitae
745 3299 912 3361 meritqu
961 3306 995 3354 10
1015 3318 1113 3358 cursus

101 3379 153 3425 MP
173 3390 284 3425 cursum
299 3378 328 3440 Q,
343 3389 410 3427 corr.
426 3390 441 3425 σ
457 3375 461 3440 Ι
477 3370 625 3440 inpegito
688 3377 720 3424 11
741 3374 887 3441 urgeretis
946 3377 979 3425 13
995 3372 1114 3445 dampn-

102 3449 176 3503 PQV
201 3446 205 3514 l
229 3445 291 3510 fort.
312 3444 428 3513 eloquar
468 3441 559 3515 quas>
582 3450 607 3498 et
628 3442 712 3513 paulo
732 3445 797 3496 ante
816 3441 917 3523 (fieri)
999 3449 1114 3500 141118·

101 3513 201 3585 iorum,
219 3532 287 3570 corr.
306 3513 336 3568 A'
409 3519 443 3568 15
482 3513 705 3568 uiusscemodil’
777 3518 811 3566 16
831 3516 1008 3584 irrogatas?
1078 3540 1081 3547 ·
