2416 3840
110 190 152 256 70
543 188 680 243 uremur

108 339 261 419 quartum
288 333 387 398 fuerit
416 334 558 420 signum,
590 335 676 418 quod
703 334 766 398 hoc
793 333 926 398 docetur
954 332 1119 415 exemplo:

108 423 232 488 Arietis
252 424 445 507 quadratum
465 427 516 487 est
538 423 668 508 signum
687 421 810 488 Cancer
829 425 862 485 et
881 419 998 487 Cancri
1017 419 1120 485 Libra

78 512 143 577 6et
161 511 278 576 Librae
298 510 515 594 Capricornus
538 516 572 576 et
590 509 781 595 Capricorni
799 507 903 575 Aries.
942 507 1005 574 Sed
1030 511 1118 593 quod

108 599 152 665 sit
181 600 408 683 qnadratdm
437 601 627 684 dextrum,
655 599 741 684 quod
769 598 987 682 sinistrum,
1015 599 1118 663 simili

106 690 240 770 ratione,
260 689 345 754 sicut
363 689 397 752 in
416 688 555 774 trigonis
576 688 725 772 diximus,
743 688 901 772 invenies,
919 710 995 752 nam
1015 689 1118 770 quod·
1145 711 1157 752 5

107 799 242 862 cumque
266 783 354 842 retro
377 777 484 862 fuerit,
508 778 701 862 quadratum
723 778 872 841 dextrum
892 781 955 840 est:
979 776 1117 861 quadra·

105 869 176 931 turn
200 866 322 931 Arietis
352 866 521 930 sinistrum
544 865 681 950 Cancer,
708 867 858 930 dextrum
886 864 1116 950 Capricornus,

105 955 190 1019 sicut
213 956 247 1018 in
271 955 386 1019 ceteris
411 955 562 1020 omnibus
583 955 758 1038 quadratis
782 955 868 1038 quod
891 958 980 1018 retro
1003 953 1116 1036 fuerit,

106 1043 254 1107 dextrum
277 1047 335 1128 est,
359 1044 445 1126 quod
469 1044 587 1108 abante
610 1043 718 1128 fuerit,
742 1043 921 1107 sinistrum.
963 1041 1010 1107 Et
1032 1042 1115 1110 haec

105 1132 214 1195 minax
237 1137 288 1196 est
311 1132 449 1196 radiatio
478 1136 510 1196 et
538 1132 703 1196 malitiosa
730 1135 893 1215 potestate
922 1129 1156 1214 compositam

75 1220 289 1306 ἸΕΧαςοΠα
320 1220 383 1285 hoc
414 1220 500 1285 idem
529 1224 604 1285 sunt
637 1221 722 1304 quod
750 1219 894 1305 trigona,
925 1219 990 1284 nisi
1025 1222 1115 1305 quod

103 1308 239 1374 minoris
261 1310 450 1395 potestatis3
474 1331 656 1394 arragonum
682 1313 732 1374 est
754 1309 865 1392 itaque
888 1310 929 1373 ab
949 1330 987 1372 eo
1007 1309 1115 1394 signo,

104 1420 123 1461 a
151 1420 214 1482 quo
242 1398 424 1481 initiamus,
454 1398 602 1481 tertium,
632 1403 750 1483 utputa
776 1397 900 1462 Arietis
933 1401 1009 1461 sunt
1037 1420 1115 1463 exa-

73 1489 225 1571 8g0num
256 1485 393 1551 Gemini.
440 1486 534 1562 Quod
565 1509 642 1552 vero
675 1487 720 1550 sit
757 1508 986 1572 exagonum
1026 1486 1115 1551 dex·

97 1579 221 1660 trum,
240 1577 326 1658 quod
345 1575 564 1660 sinistrum,
583 1577 668 1640 sicut
687 1579 795 1640 cetera
813 1575 971 1662 invenies,
995 1575 1052 1639 sed
1071 1598 1114 1640 ne
1130 1599 1154 1639 rs

103 1684 167 1747 qua
191 1665 235 1728 sit
258 1664 487 1748 controversia,
511 1664 610 1728 etiarn
632 1664 729 1729 huius
750 1664 797 1729 rei
816 1665 930 1728 damus
949 1663 1113 1748 exempla:

102 1752 225 1816 Arietis
258 1753 406 1817 dextrum
439 1774 621 1838 aragonum
652 1757 703 1817 ert
731 1754 908 1836 Aquarius,
940 1752 1114 1819 sinistrum

103 1862 179 1905 vero
197 1839 339 1926 Gemini3
359 1844 404 1906 sic
423 1846 456 1906 et
474 1842 508 1905 in
527 1843 642 1907 ceteris
663 1842 775 1928 signis,
794 1843 880 1925 quod
898 1845 986 1905 rotro
1000 1840 1113 1923 fuerit,

102 1930 251 1995 dextrum
276 1934 308 1994 et
328 1930 507 2015 sinistrum,
532 1933 618 2015 quod
637 1936 688 1995 est
707 1933 834 1995 abante.
877 1928 940 1995 Sed
963 1952 1113 2015 exagona

100 2017 158 2082 illa
180 2023 257 2083 sunt
283 2020 425 2104 potiora,
453 2042 535 2103 quae
561 2020 685 2084 habent
711 2020 745 2085 in
768 2019 873 2084 medio
902 2018 1029 2103 tropica
1057 2020 1111 2084 vel
1126 2043 1152 2082 ro

101 2107 242 2258 {uptiicia
270 2108 376 2194 rigna,
408 2108 588 2174 inefficacia
619 2131 708 2193 vero,
742 2131 824 2192 quae
857 2108 960 2193 signis
993 2107 1111 2173 solidis

123 2194 167 2260 ivi
191 2200 296 2260 untur.

100 2387 221 2453 XXIII.
255 2389 376 2466 QUAE
404 2389 537 2456 RATIO
567 2389 814 2457 CONIUNCIT
844 2389 1110 2458 HOROSCOPO

114 2493 316 2560 TRICONA
341 2495 584 2571 QUADRA'PA
608 2496 841 2564 DIAMETRA
865 2496 1094 2564 EXAGONA.

71 2640 88 2704 1
188 2635 284 2703 Nunc
312 2639 391 2703 illud
419 2640 560 2705 breviter
588 2640 813 2725 explicandum
837 2644 900 2723 est,
928 2662 985 2705 cur
1012 2661 1110 2725 quae-
1124 2663 1150 2704 a

100 2725 175 2790 dam
193 2727 265 2792 loca
288 2750 360 2793 cum
378 2727 560 2812 horoscopo
579 2729 718 2794 diximus
737 2729 927 2794 radiationis
948 2726 1109 2794 societate

100 2813 261 2902 coniungi,
284 2816 441 2901 quaedam
468 2840 544 2883 vero
569 2841 681 2883 aversa
704 2840 774 2883 esse
803 2820 843 2882 ab
866 2818 1050 2901 horoscopo
1075 2823 1111 2883 et

100 2905 240 2989 quodam
264 2906 358 2970 modo
383 2907 501 2990 aliena,
529 2929 610 2991 quae
637 2929 704 2973 non
730 2907 882 2972 inmerito
909 2907 1005 2991 pigra
1028 2907 1112 2971 dixi·

100 3016 186 3078 mus,
222 2995 330 3059 omnia
357 2996 444 3059 enim
471 2995 631 3080 explicare
659 2996 825 3075 debemus,
858 2999 896 3060 ut
923 2995 987 3060 iste
1014 2994 1112 3061 insti-

187 3150 327 3204 5iuuenis
343 3157 363 3210 a
379 3153 383 3222 Ι
400 3152 620 3220 quodcunqucl
670 3158 685 3207 7
700 3151 855 3221 capricorni
869 3151 1013 3206 sinistrum
1026 3152 1111 3225 uirgo

99 3220 228 3275 dextmm
247 3223 327 3290 aries,
345 3239 412 3277 corr.
428 3240 444 3276 o
462 3225 530 3291 (sim.
546 3223 587 3293 A')
641 3228 657 3276 8
677 3223 717 3277 sic
730 3230 757 3276 Η
775 3241 814 3277 aa
832 3223 871 3277 sic
891 3223 939 3278 et?
954 3225 958 3294 Ι
974 3225 1050 3279 retro
1065 3228 1112 3280 est

99 3291 229 3347 dextrum
246 3294 357 3362 quode
412 3299 443 3346 13
463 3294 582 3364 exagoni
600 3295 621 3364 (i
639 3312 673 3349 ece
687 3311 704 3348 a
719 3298 764 3363 Π),
784 3311 851 3349 corr.
871 3295 936 3350 Sitti
990 3301 1023 3349 16
1043 3312 1112 3350 con·

98 3376 221 3468 trdsiar
239 3399 380 3455 controsia
393 3406 417 3452 Β
466 3406 498 3455 17
514 3401 604 3469 arieti,
618 3418 685 3456 corr.
700 3420 718 3455 v
769 3407 801 3455 19
816 3401 856 3472 et]
871 3400 947 3469 cst?
992 3406 1028 3455 20
1042 3405 1112 3458 sunt

99 3471 254 3612 111αοΜῇ
270 3472 314 3525 VI
322 3473 343 3538 f.
354 3472 544 3527 LXXIVcol.
555 3475 646 3528 3med.
703 3479 735 3526 21
751 3471 923 3542 duppliciar
977 3477 1011 3526 28
1025 3472 1111 3528 horo-

100 3559 174 3612 scop.
223 3543 364 3612 orosc.11)
419 3548 452 3597 25
471 3561 543 3613 quur
559 3550 608 3596 PB
679 3550 712 3598 26
731 3544 820 3599 brosc.
839 3549 887 3596 Pa
