2408 3840
488 158 527 213 III
540 163 565 227 7,
579 174 675 215 rc-1a.
1024 158 1087 222 161

77 309 113 370 et
132 305 250 389 quibus
274 326 314 369 ex
331 305 470 369 veneriis
491 304 714 370 occasionibus
733 304 909 369 felicitates
928 304 1089 368 maximae

78 394 301 476 conferantur,
330 398 363 458 et
386 398 443 458 aut
467 392 582 459 calculi
606 399 663 458 aut
687 394 828 459 musicae
854 398 912 458 aut
934 397 1089 458 notarum

78 486 136 548 aut
161 481 341 547 difficilium
369 481 554 546 litterarum
581 483 766 547 inventores
795 483 909 547 reddit.
956 480 1030 547 Scio
1053 483 1089 546 in

76 573 140 636 hoc
163 572 235 636 loco
258 571 456 635 Mercurium
478 569 702 654 psefopaectas
727 593 822 655 saepe
845 571 969 636 fecisse.

36 687 65 728 u
167 658 207 724 In
234 663 350 725 octavo
377 660 449 724 loco
480 658 678 745 [geniturae]
707 659 886 725 Mercurius
919 662 961 724 ab
991 660 1087 724 horo·
1099 664 1142 728 16

79 770 179 834 scopo
211 749 422 831 constitutus,
456 749 484 813 si
515 770 573 831 per
603 749 691 813 diem
723 748 927 832 vespertinus
960 749 994 812 in
1024 750 1088 814 hoc

78 837 152 903 loco
176 837 275 901 fuerit
297 836 461 921 inventus,
488 836 587 902 faciet
608 837 720 902 tardos
747 841 781 902 et
805 838 863 921 qui
885 837 968 901 nihil
992 858 1088 923 agere

79 928 220 992 audeant
248 931 305 990 aut
333 927 447 1010 velint,
480 925 653 991 laboriosis
680 948 807 1010 semper
835 927 962 991 actibus
989 926 1089 1011 impe-

79 1017 176 1101 ditos,
199 1016 299 1079 stulte
318 1013 500 1080 malitiosos
522 1019 557 1079 et
576 1015 617 1079 ad
639 1016 747 1079 nullos
767 1019 859 1080 actus
879 1016 1088 1080 necessarios.

39 1131 67 1171 ιο
81 1103 117 1170 si
135 1125 212 1168 vero
231 1104 265 1168 in
283 1104 346 1169 hoc
364 1105 435 1169 loco
455 1104 653 1169 constitutus
671 1103 707 1168 in
723 1103 856 1169 Saturni
874 1104 971 1169 domo
990 1104 1089 1169 fuerit

79 1193 174 1275 (rel)
202 1193 237 1256 in
263 1194 412 1276 partibus
440 1191 587 1277 Saturni,
614 1192 713 1258 faciet
741 1193 870 1278 surdos,
896 1193 1090 1277 praesertim

79 1282 109 1346 si
126 1282 220 1346 illum
240 1284 287 1346 sic
304 1282 450 1367 positum
468 1280 627 1346 Saturnus
652 1282 761 1364 aliqua
779 1282 961 1346 radiatione
984 1304 1091 1365 respe-

78 1369 172 1436 xerit.
220 1369 255 1435 Si
283 1393 359 1436 vero
386 1393 445 1454 per
471 1375 601 1436 noctem
628 1371 832 1454 vespertinus
864 1371 900 1434 in
926 1371 989 1434 hoc
1017 1369 1089 1435 loco
1102 1374 1143 1437 17

78 1459 180 1524 fuerit
210 1458 376 1543 inventus,
410 1458 509 1523 faciet
537 1459 637 1523 alieni
668 1459 858 1542 patrimonii
890 1459 1024 1522 heredes
1058 1462 1091 1523 et

40 1575 67 1615 15
81 1548 137 1632 qui
160 1569 239 1613 casu
262 1549 437 1612 absconsas
460 1548 628 1612 inveniant
653 1546 841 1633 facultates3
869 1551 963 1611 erunt
991 1548 1089 1612 etiam

80 1636 193 1701 felices
221 1637 346 1720 pariter
373 1639 406 1699 et
433 1636 535 1718 beati,
568 1635 678 1699 vitiosi
711 1640 820 1701 tamen
851 1639 884 1699 et
910 1636 968 1719 qui
994 1634 1090 1700 facile

82 1724 225 1792 adsiduis
257 1725 471 1809 languoribus
500 1724 690 1809 fatigantur.
736 1724 917 1789 Matutinus
949 1746 1025 1789 vero
1055 1725 1091 1788 in

81 1812 239 1876 hocloco
264 1812 462 1877 constitutus
485 1813 584 1878 faciet
608 1835 680 1898 eos,
706 1812 762 1896 qui
791 1815 838 1878 sic
865 1813 936 1877 nati
955 1813 1090 1894 fuerint,

83 1921 201 1985 augere
232 1901 267 1965 in
298 1901 463 1965 infinitum
495 1902 648 1985 pecunias
681 1905 714 1964 et
745 1923 882 1988 magnos
915 1906 1008 1966 actus
1038 1902 1090 1965 ad·

42 2016 71 2056 ao
84 1993 246 2074 petentes3
274 1991 356 2054 alios
385 1994 493 2054 autem
516 1990 615 2055 faciet
637 1990 906 2075 sollicitudinum,
933 2011 1092 2055 commen-

84 2079 253 2143 dationum
281 2083 339 2144 aut
361 2084 492 2143 actuum
522 2084 578 2144 aut
601 2079 894 2143 instrumentorum
919 2078 1001 2143 fidos
1025 2083 1092 2143 sta-

84 2167 230 2251 bilesque
257 2167 450 2251 (custodes)
479 2171 536 2232 aut
564 2167 661 2232 alieni
688 2166 878 2252 patrimonii
907 2167 1093 2251 frequenter

84 2256 269 2340 (heredes).

174 2344 214 2409 In
231 2366 317 2410 nono
337 2345 409 2410 loco
426 2344 606 2410 Mercurius
625 2345 666 2409 ab
684 2344 867 2429 horoscopo
886 2344 1093 2428 constitutus,
1106 2348 1146 2411 18

47 2433 161 2518 rc<si>
184 2433 252 2498 sine
276 2434 411 2498 alicuius
429 2434 544 2498 stellae
567 2434 745 2498 radiatione
767 2434 803 2498 in
820 2434 883 2499 hoc
900 2435 972 2499 loco
994 2433 1093 2498 fuerit

86 2523 248 2606 inventus,
265 2522 363 2587 faciet
381 2523 602 2587 contentiosos
622 2523 877 2588 contradictores
896 2523 1093 2606 dialecticos,

85 2612 168 2676 scire
197 2633 230 2676 se
258 2614 461 2695 prolitentes,
494 2610 647 2696 quicquid
678 2611 744 2675 illis
776 2612 875 2676 nullis
905 2616 957 2676 est
988 2612 1093 2697 magi-

85 2701 194 2765 steriis
221 2697 425 2785 intimatum,
456 2699 653 2786 malitiosos,
685 2700 740 2764 sed
771 2701 826 2784 qui
855 2700 938 2764 nihil
964 2702 1093 2785 possint

177 2943 320 2998 lueneris
354 2947 358 3016 l
392 2944 542 3000 felicitates
565 2944 635 3018 Μ’]
663 2943 847 3000 felicitatibus
875 2948 905 2999 et
994 2951 1094 2999 acau-

85 3014 143 3069 culi
160 3020 241 3068 m
318 3022 334 3069 3
354 3015 411 3070 scio
430 3018 457 3088 o]
477 3015 551 3070 socio
570 3016 633 3088 (-tio
651 3021 684 3086 R)
702 3024 777 3071 errat
794 3016 915 3086 Scaliper
933 3017 970 3071 ad
989 3016 1092 3070 Manat.

84 3086 135 3140 IV
145 3089 183 3140 29
267 3085 363 3157 4ipse
381 3086 507 3156 fopectas
526 3090 697 3157 (prospectas
715 3090 757 3158 V),
779 3105 847 3142 corr.
865 3105 884 3140 v
973 3087 1057 3141 udal.
1077 3105 1095 3140 a.

88 3164 105 3211 6
124 3157 262 3211 constitus
280 3163 304 3208 R
322 3159 403 3226 (idem
422 3163 462 3212 18.
478 3163 521 3228 24)
576 3163 592 3211 8
610 3158 750 3213 laborioso
768 3165 817 3210 PR
879 3163 911 3211 11
931 3157 975 3211 vel
993 3159 1057 3212 add.
1076 3176 1094 3211 a

86 3233 120 3281 12
135 3231 280 3282 saturnum
293 3234 373 3282 m
428 3235 462 3282 14
474 3228 637 3298 patrimonii
652 3231 712 3301 αἵ]
725 3229 838 3299 patroni
892 3235 926 3282 1b
941 3245 1008 3282 casu
1024 3228 1093 3301 Μ’]

85 3315 167 3353 casus
186 3305 266 3351 m
283 3303 341 3369 (sus
359 3302 404 3370 ir.)
423 3317 509 3355 cansa
527 3306 550 3352 V
623 3306 656 3354 19
674 3300 825 3370 peccunias
845 3303 874 3369 (u
892 3317 925 3354 ea
944 3303 970 3371 a)
989 3307 1009 3352 P
1025 3302 1031 3381 Ι
1046 3317 1095 3369 ap-

84 3372 215 3440 petentes
229 3370 258 3423 A'
264 3372 300 3443 V]
315 3389 348 3425 ac
361 3374 490 3442 potentes
503 3377 597 3431 HQ·
616 3388 649 3426 ac
662 3374 791 3441 petentes
806 3370 870 3431 Μ
923 3376 958 3424 20
977 3370 1094 3439 faciunt,

85 3457 154 3496 corr.
172 3461 190 3496 a
262 3447 294 3495 21
315 3445 401 3496 acturi
418 3448 445 3494 H
463 3445 557 3496 actum
574 3448 649 3496 ΡΠ
678 3443 682 3512 l
712 3442 948 3514 strumentorum!
971 3443 1039 3496 fidas
1056 3447 1096 3494 B·

87 3515 310 3582 22.2tauppl.u
383 3513 592 3569 tosiadd.b'
665 3519 698 3567 27
717 3512 797 3583 nulli,
815 3529 883 3570 corr⁴
903 3512 962 3573 Δά

140 3611 266 3664 Iuncus,
279 3613 313 3653 ed.
328 3613 410 3654 Kroll
424 3616 447 3653 et
461 3612 591 3654 Skutsch.
614 3613 634 3654 1.
901 3607 934 3657 11
