2416 3840
140 159 201 224 198
573 157 709 213 emmor

136 306 353 388 potestatibus
378 327 414 370 ac
433 303 556 369 viribus
576 305 772 368 sustinentes
791 303 956 368 hominem
976 303 1145 368 divinasse

137 401 265 459 terrena
302 393 537 458 coniunctionis
575 393 730 457 societate
763 392 981 476 compositum
1011 392 1145 478 integra

107 484 242 568 bspecie
273 505 309 547 ac
338 482 444 547 forma
473 482 608 566 perfecti
639 483 745 565 operis
776 482 983 565 explicarent.
1035 480 1144 557 Quare

137 571 219 637 scire
243 573 405 654 debemus,
433 571 518 655 quod
541 593 658 655 eorpus
681 570 822 634 hominis
847 568 939 634 Luna
962 570 1144 653 susceperit

137 665 170 725 et
200 662 285 745 quod
314 661 421 724 Lunae
450 661 494 724 sit
520 660 740 742 potestatibus
769 661 972 743 deputatum3
1001 680 1079 722 nam
1110 662 1143 723 et
1169 683 1181 724 s

137 751 310 814 crescentis
337 748 447 813 Lunae
476 753 650 831 augmenta
677 748 711 812 in
740 747 929 831 corporibus
957 747 1080 812 nostris
1109 753 1144 812 et

138 838 314 902 deficientis
341 837 474 901 luminis
505 837 621 901 damna
652 837 818 902 sentimus.
865 836 1024 900 Medullae
1056 836 1145 900 enim

135 928 269 991 humani
298 926 456 1010 corporis,
485 947 557 990 cum
580 925 672 989 Luna
699 925 849 1009 creuerit,
878 929 1039 1008 crescunt3
1069 947 1144 989 eum

137 1038 212 1080 vero
236 1016 421 1079 inanescere
445 1015 587 1098 coeperit
614 1015 773 1078 destituta
795 1014 988 1097 luminibus,
1014 1015 1143 1078 tenuati

137 1105 281 1187 corporis
314 1101 508 1188 fatigatione
545 1103 773 1187 languescunt3
811 1104 866 1168 sed
900 1107 932 1166 et
964 1101 1145 1167 humanum
1157 1128 1181 1168 a

137 1213 253 1276 corpus
277 1191 369 1255 Luna
392 1191 559 1256 deficiente
587 1192 743 1257 decrescit
771 1196 804 1256 et
832 1214 943 1256 rursus
968 1191 1144 1277 crescentis

106 1280 244 1344 6Lunae
260 1281 505 1364 complementis
520 1279 732 1344 sollemnibus
746 1280 931 1345 inundatur.
967 1279 1020 1344 Sic
1036 1279 1143 1344 omnis

137 1369 321 1434 substantia
344 1369 465 1434 terreni
488 1368 632 1452 corporis
655 1368 751 1433 istius
774 1369 916 1433 numinis
937 1368 1144 1452 providentia

136 1461 344 1544 gubernatur.
389 1458 429 1522 In
457 1458 693 1542 posterioribus
724 1458 810 1522 enim
841 1458 922 1522 caeli
952 1457 1143 1542 regionibus

137 1548 295 1612 collocata
332 1553 364 1612 et
401 1553 505 1611 terrae
538 1547 710 1631 imperium
746 1569 785 1610 ex
821 1547 988 1612 vicinitate
1023 1546 1143 1610 sortita
1158 1572 1181 1612 rs

137 1637 245 1700 omnia
268 1659 412 1720 corpora,
441 1657 523 1719 quae
545 1635 759 1718 inspiratione
783 1635 909 1700 divinae
933 1635 1051 1699 mentis
1077 1635 1144 1699 ani·

137 1730 280 1811 mentun,
308 1747 421 1790 cursus
445 1725 496 1788 sui
518 1724 692 1808 multiplici
715 1724 873 1789 varietate
897 1727 1085 1788 sustentans
1109 1727 1144 1787 et

136 1837 194 1897 per
217 1815 311 1900 signa
335 1814 443 1877 omnia
466 1813 585 1878 festina
604 1814 768 1878 celeritate
787 1813 969 1877 discurrens
989 1817 1022 1875 et
1042 1813 1144 1877 omni·

100 1948 102 1952 -
137 1905 198 1967 bus
222 1902 326 1967 stellis
345 1902 489 1967 adsiduis
509 1925 543 1966 se
563 1902 845 1968 coniunctionibus
865 1902 991 1966 socians
1012 1923 1051 1965 ex
1071 1922 1144 1966 con·

136 1992 246 2056 trariis
278 1991 431 2056 mixturis
464 1996 497 2055 et
529 2014 568 2055 ex
600 1990 783 2075 disparibus
816 1990 983 2055 elementis
1014 1990 1181 2076 integrare

137 2080 309 2164 compositi
339 2079 447 2165 operis
474 2080 659 2144 substantia
687 2084 836 2144 mutuata
864 2080 972 2144 omnia
1001 2078 1144 2143 animan-

137 2171 221 2233 tium
245 2192 380 2254 corpora
403 2174 436 2234 et
460 2173 615 2252 concepta
637 2174 787 2253 procreat
807 2172 839 2232 et
858 2172 1011 2253 generata
1031 2167 1144 2232 dissol-

108 2256 194 2321 lvit.
240 2258 468 2323 Laborandum
496 2259 606 2342 itaque
635 2258 726 2322 etin
754 2257 842 2322 omni
870 2257 1038 2342 geniturae
1068 2257 1144 2321 sub·

139 2347 261 2409 stantia
284 2347 348 2411 ista
371 2347 490 2430 <pars>
517 2368 634 2432 magno
664 2369 759 2429 opere
785 2346 989 2430 requirenda,
1017 2345 1051 2409 in
1080 2367 1144 2429 quc

138 2438 188 2497 est
211 2433 303 2498 Luna
326 2436 517 2517 constituta3
545 2439 666 2518 quanto
695 2435 782 2499 enim
805 2435 897 2499 Luna
921 2434 1085 2499 velocibus
1109 2455 1143 2498 se
1157 2459 1182 2500 ss

138 2522 372 2605 agitationibus
401 2523 556 2587 transfert
585 2529 617 2587 et
647 2527 768 2606 quanto
796 2545 830 2588 se
859 2523 963 2588 stellis
992 2522 1144 2587 omnibus

139 2611 234 2674 celeri
262 2611 470 2676 festinatione
498 2612 678 2695 coniungit,
711 2615 802 2676 tanto
835 2633 894 2676 nos
928 2633 1041 2677 cursus
1074 2611 1144 2676 eius

227 2803 456 2858 aconiunctione
474 2809 528 2856 HV
609 2803 819 2874 3explicarem‚
839 2821 905 2858 corr.
921 2803 951 2857 A'
1035 2802 1146 2857 tenim

139 2894 188 2930 om.
202 2882 229 2929 Η
262 2908 263 2912 =
301 2881 316 2928 8
337 2873 467 2928 crescerit
480 2881 507 2928 Μ
579 2880 593 2927 9
613 2874 704 2928 inanis
724 2874 829 2944 ceperit
842 2876 936 2929 destat
955 2878 987 2928 ut
1000 2873 1029 2944 (i.
1045 2891 1067 2928 c.
1083 2890 1145 2929 esse

138 2949 227 3000 restat
244 2950 276 3001 ut
294 2950 326 3016 v)
346 2964 370 3016 a,
390 2963 456 3000 corr.
473 2967 489 2999 κ
563 2951 595 2999 10
613 2945 834 3016 languescantv
907 2952 938 2999 11
959 2944 1097 3000 decrescit
1114 2947 1144 3017 a]

139 3019 254 3087 deserit3
272 3019 372 3072 humor
385 3019 440 3072 sive
454 3017 567 3087 sanguis
579 3025 642 3086 post
655 3020 684 3071 et
698 3019 714 3072 l.
726 3024 761 3072 10
775 3019 904 3072 audisse
918 3019 999 3072 oid.c
1055 3023 1088 3071 16
1103 3015 1146 3071 ui-

139 3089 256 3144 ciuitate
279 3096 299 3142 1’
327 3092 356 3160 (n
383 3097 432 3143 ex?
454 3093 488 3158 B)
597 3095 629 3142 17
653 3091 812 3143 sustentant
839 3090 893 3158 (at
915 3091 961 3158 v),
989 3105 1056 3143 corr.
1081 3088 1146 3144 Sita

140 3168 172 3215 18
206 3161 361 3215 discurrens
389 3161 426 3231 V]
460 3159 619 3213 discurrunt
650 3166 677 3213 Η
713 3159 869 3213 discurrent
901 3165 920 3211 Ρ
952 3159 1096 3214 discurent
1122 3165 1146 3212 B

140 3239 172 3286 19
188 3232 299 3286 assidue
312 3237 334 3283 v
351 3234 355 3303 l
372 3247 400 3284 se
415 3248 465 3285 oms.
480 3236 534 3284 HV
550 3232 554 3301 Ι
571 3230 679 3284 sociant
693 3230 790 3300 (tiant
803 3234 848 3299 Μ),
863 3248 930 3285 corr.
941 3236 990 3290 ve
1062 3237 1096 3284 20
1111 3246 1147 3284 ea

138 3303 252 3372 mentis,
276 3321 342 3358 corr.
363 3304 494 3372 Ne'rnetlrp
573 3308 605 3355 21
626 3301 746 3371 eorporis
765 3308 788 3355 Δ
811 3303 815 3373 l
839 3304 957 3370 mutata,
980 3317 1048 3357 corr.
1069 3319 1084 3355 σ
1102 3304 1148 3370 (ne

138 3377 257 3428 conicias
276 3374 434 3444 integram.
451 3418 456 3426 .
474 3418 477 3426 .
492 3373 680 3427 substantiam
703 3376 737 3440 ct.
752 3378 797 3439 40,
812 3376 846 3441 14)
919 3378 952 3426 23
976 3371 1006 3424 in
1028 3388 1078 3426 om.
1098 3377 1148 3425 PB

139 3451 173 3498 24
191 3445 233 3497 ita
251 3451 278 3498 H
303 3447 306 3514 l
332 3446 419 3514 suppl.
440 3466 456 3499 a
539 3451 572 3498 25
592 3445 704 3512 quando
728 3450 761 3496 1³⁸
840 3449 873 3496 26
893 3443 1147 3512 quand01⁸PBV

139 3522 172 3569 27
192 3533 286 3568 cursus
306 3534 355 3570 om.
370 3522 397 3569 Η
