2416 3840
121 145 185 208 152
525 111 529 118 ’
558 141 696 195 emmor

121 285 308 374 frequenter
330 290 478 371 insidias,
502 289 581 354 facit
604 287 704 351 animi
728 291 836 351 aestus
861 292 894 351 et
917 288 1062 352 decernit
1086 287 1134 353 ir-

123 378 244 442 stinetu
269 377 412 442 libidinis
437 379 542 463 turpis
567 377 687 441 amoris
710 375 870 459 incendia,
897 377 955 441 alii
977 399 1054 441 vero
1081 399 1135 442 an-

123 467 215 531 cillas
243 467 460 531 matrimoniis
494 467 558 531 sibi
590 467 743 548 iungunt,
776 465 831 528 alii
860 465 953 550 [sibi]
984 466 1134 549 publicas

124 555 310 619 meretrices
338 556 475 641 genialis
509 555 571 620 sibi
602 553 667 618 tori
697 553 902 636 copulatione
936 556 1134 635 consociant,

70 644 165 708 2611
190 665 253 727 qua
276 665 372 708 causa
396 646 495 708 etiam
518 643 660 707 filiorum
687 642 815 706 soboles
839 643 1024 728 denegatur.
1067 641 1134 707 Per
1162 666 1175 707 5

125 732 210 796 diem
234 755 309 797 vero
332 733 368 796 in
390 733 452 798 hoc
475 732 553 797 loco¹
571 731 680 816 posita
705 731 877 795 mulierum
901 754 998 796 causa
1020 753 1133 796 necem

63 827 66 833 ’
120 821 174 885 vel
193 820 297 885 malae
316 822 432 886 mortis
452 821 596 886 decernit
616 819 822 884 atrocitatem
842 821 1016 884 secundum
1037 825 1134 884 natu-

123 932 193 975 ram
215 911 471 993 qualitatemque
492 911 674 995 signorum,
697 908 797 972 habet
821 909 908 972 enim
931 910 1012 974 haec
1034 910 1134 974 stella

122 998 244 1080 varias,
270 999 326 1062 sed
350 1020 430 1082 quae
455 998 585 1062 difficile
613 998 751 1062 inveniri
773 997 913 1080 possint,
942 998 1134 1063 decernendi

123 1090 313 1171 potestates.
360 1085 452 1150 Sicut
479 1087 564 1150 enim
593 1087 628 1150 in
655 1085 853 1171 imaginibus
882 1086 998 1151 artifex
1024 1087 1134 1170 pictor
1149 1111 1175 1150 ro

123 1173 314 1238 liniamenta
336 1176 556 1239 membrorum
588 1197 627 1239 ex
650 1175 739 1238 varia
762 1175 976 1239 mixturarum
1000 1174 1134 1240 diversi-

123 1267 192 1327 tate
225 1264 395 1348 persignat
430 1269 463 1328 et
497 1264 687 1347 temperatis
721 1263 883 1328 coloribus
919 1259 974 1349 [et]
1009 1269 1135 1330 certam

125 1352 270 1436 corporis
294 1351 433 1416 formam
456 1353 641 1416 imitatione
666 1350 745 1416 facit
776 1352 996 1416 similitudinis
1021 1375 1135 1436 corpo

84 1497 86 1500 .
124 1441 217 1521 ralis,
250 1442 296 1504 sic
329 1444 362 1506 et
391 1442 560 1506 stellarum
593 1441 765 1506 coniuncta
792 1440 929 1505 radiatio
963 1442 1134 1506 societatis

125 1550 284 1594 consensu
306 1530 429 1614 pariter
453 1534 634 1613 temperata
655 1530 722 1594 vim
742 1530 903 1613 quandam
926 1530 1072 1594 vicissim
1094 1554 1133 1596 ex
1149 1552 1174 1592 rs

125 1618 306 1683 coniunctis
339 1619 401 1683 sibi
433 1619 652 1703 potestatibus
682 1622 851 1682 mutuatur
882 1623 915 1682 et
948 1618 1135 1684 substantia

125 1707 188 1770 sibi
216 1729 255 1771 ex
278 1706 404 1771 diverso
431 1707 558 1792 ignium
586 1707 693 1771 colore
723 1708 841 1771 collata
866 1705 935 1770 fata
962 1707 1134 1773 hominum

124 1796 165 1859 ad
199 1795 345 1878 picturae
378 1797 508 1860 modum
542 1800 679 1879 aequata
712 1796 878 1860 societatis
912 1797 1134 1862 moderatione

71 1883 280 1969 27depingit.
326 1883 412 1948 Nam
444 1885 508 1948 hoc
544 1884 591 1949 sic
628 1906 712 1968 esse,
749 1885 833 1967 quod
871 1884 1021 1968 dicimus,
1059 1886 1133 1951 istis

124 1973 306 2037 rationibus
331 1974 569 2057 comprobatur.
615 1971 740 2036 Venere
768 1971 825 2056 [si]
855 1973 914 2056 sic,
943 1973 1027 2038 sicut
1055 1975 1173 2039 dixi-ro

125 2084 206 2144 mus,
230 2063 390 2126 collocata
409 2062 437 2126 si
455 2061 531 2144 <se>
551 2060 710 2125 Saturnus
732 2061 841 2144 aliqua
859 2062 1039 2126 radiatione
1060 2085 1134 2129 con·

124 2150 280 2234 iunxerit,
312 2151 438 2214 animos
470 2150 549 2214 facit
577 2148 731 2234 [animos]
760 2151 922 2232 perversis
952 2150 1041 2214 vitiis
1075 2153 1134 2216 im·

123 2238 238 2320 plicari
258 2243 291 2303 et
309 2240 349 2303 ad
367 2239 475 2303 nullos
495 2242 585 2303 actus
605 2239 695 2302 reddi
713 2239 921 2320 necessarioS,
939 2242 1134 2323 praesertim

125 2325 154 2389 si
172 2325 236 2390 ista
256 2328 441 2391 coniunctio
456 2327 594 2391 Veneris
615 2332 647 2391 et
663 2326 796 2391 Saturni
814 2328 847 2390 in
866 2332 1026 2393 nocturna
1045 2331 1134 2414 geni·

102 2418 199 2482 tura
221 2414 321 2478 fuerit
344 2415 482 2478 inventa.
525 2413 560 2479 Si
584 2438 659 2479 vero
684 2416 731 2480 sie
754 2416 860 2498 posita
878 2416 948 2481 Iovi
971 2438 1005 2480 se
1029 2418 1133 2483 radia·
1148 2439 1173 2480 rs

124 2503 213 2566 tione
248 2502 464 2586 coniunxerit,
496 2505 536 2568 ab
570 2503 701 2568 incursu
734 2504 956 2587 praecedentis
987 2506 1133 2572 malitiae

123 2591 297 2675 liberatur,
322 2590 461 2656 maxima
483 2593 568 2656 enim
586 2591 726 2678 largitur
746 2594 840 2658 bona.
877 2593 963 2658 Nam
982 2599 1015 2658 et
1034 2595 1135 2678 patri-

214 2860 228 2908 1
248 2854 373 2908 insidaas
392 2862 414 2909 R
431 2858 434 2928 l
452 2858 546 2909 aestus
565 2856 640 2927 Slttl]
660 2859 739 2909 aestu
759 2859 861 2923 (catum
878 2858 912 2926 V)
937 2858 941 2925 Ι
967 2859 996 2911 et
1013 2859 1063 2930 κσ]
1083 2860 1133 2912 sed

124 2925 210 2980 aelii
233 2925 320 2998 A'Vb]
344 2926 430 2980 animi
519 2927 630 2981 4thori
648 2933 675 2979 11
765 2933 780 2980 5
803 2927 989 2997 denegantur,
1013 2946 1081 2984 corr.
1101 2930 1131 2983 A‘

124 2999 183 3051 aeli
201 2999 302 3052 obicere
321 2998 430 3069 Reisip²
448 2999 485 3053 N.
502 3002 557 3052 562
629 3005 661 3051 12
681 3001 710 3052 et
727 2999 777 3052 del.
797 3003 820 3050 Δ
893 3005 925 3052 13
944 2998 1134 3056 imitationem

124 3068 205 3137 (111111-
227 3073 272 3138 B),
301 3086 368 3123 cerr.
392 3069 422 3122 A'
458 3073 462 3141 Ι
496 3068 679 3123 similitudine
703 3074 750 3122 PB
784 3071 787 3139 l
822 3069 971 3138 corporali,
1000 3088 1068 3126 corr.
1095 3091 1134 3127 κσ

125 3146 158 3193 16
177 3142 303 3194 mutatur
322 3143 364 3209 (ur
382 3158 450 3195 eras.
465 3144 524 3209 Vr),
544 3157 610 3195 corr.
630 3140 689 3200 A'o
722 3142 726 3209 l
761 3140 961 3209 substantiam,
980 3159 1048 3197 corr.
1068 3143 1134 3199 Situ

125 3216 158 3264 17
178 3211 316 3265 collocata
335 3214 416 3282 (tam
434 3214 476 3280 V),
495 3229 562 3265 corr.
581 3211 656 3264 A'Vb
725 3217 757 3265 19
776 3228 842 3265 nam
860 3211 884 3263 si
902 3212 954 3266 hoc
974 3212 1005 3265 si·
1035 3222 1133 3268 essel’

125 3287 158 3334 20
178 3282 394 3351 comparabatur
412 3288 439 3334 11
460 3285 637 3351 comparatur
655 3288 702 3336 PB
732 3282 873 3354 lVenere
891 3287 915 3335 Δ
932 3282 1046 3352 (Veneri
1063 3288 1132 3358 Vvl]

124 3369 212 3422 genus
267 3360 299 3406 21
320 3353 474 3408 collocatae
492 3359 515 3405 V
538 3357 541 3422 Ι
568 3353 602 3425 si]
622 3370 651 3407 se
669 3360 692 3406 v
717 3356 720 3424 l
747 3370 775 3406 se
795 3355 858 3407 add.
875 3353 905 3406 A'
970 3361 1003 3408 22
1023 3355 1132 3411 animos

120 3425 203 3491 prius
221 3426 270 3478 del.
291 3429 322 3492 V,
337 3426 473 3493 posterius
491 3423 521 3477 A‘
548 3428 551 3493 Ι
576 3424 662 3479 faciet
680 3431 703 3477 v
777 3431 810 3477 23
829 3424 923 3480 reddit
940 3431 963 3478 V
980 3427 1045 3493 fort.
1063 3436 1133 3483 recte

125 3493 344 3563 2511111111.
365 3494 394 3547 A'
468 3501 501 3548 21
520 3496 690 3565 patrimonia
710 3498 892 3565 augmentata
914 3499 956 3566 (ta
972 3513 1006 3552 11.
1021 3501 1059 3568 1)
1076 3504 1132 3552 ltv
