2408 3840
517 178 531 230 Ι
546 184 588 247 10,
602 194 684 233 a-rs.
1063 177 1104 240 37

99 327 136 390 de
170 346 335 390 comarum
368 324 511 389 crinibus
540 324 659 404 dicam,
691 325 730 387 ad
763 346 843 408 quas
875 322 984 388 varius
1016 323 1106 388 color

98 415 239 478 latenter
261 412 402 495 inrepit?
435 412 511 497 quid
535 413 573 476 de
596 413 763 477 oculorum
786 413 867 497 acie,
896 413 950 495 qui
979 433 1106 496 semper

99 501 233 567 diversis
269 501 447 566 luminibus
486 502 695 565 colorantur?
741 502 825 566 Ecce
862 523 999 585 corpora
1035 502 1107 584 ipsa

80 592 198 655 'etiam
216 592 251 655 in
269 589 335 654 illis
355 589 507 675 gentibus
532 595 564 653 et
584 590 699 654 ceteris
719 590 869 654 omnibus
892 612 977 654 nuno
1000 591 1106 674 longa,

74 701 183 744 snunc
206 701 307 763 parva
330 684 419 761 sunt,
445 701 531 744 nuno
558 680 649 742 tenui
677 679 822 742 exilitate
849 678 995 762 suptilia,
1022 701 1107 743 nuno

100 768 199 832 obesa
223 768 436 832 crassitudine
460 768 591 851 latiora,
615 767 698 831 unde
723 767 904 832 manifestis
925 766 1106 830 rationibus

99 858 330 940 comprobatur
356 879 510 920 zonarum
545 856 673 939 quidem
704 878 786 939 esse,
818 857 904 939 quod
937 856 1023 940 nigri
1055 857 1107 920 vel

99 946 227 1010 candidi
259 950 348 1026 sunt,
381 945 549 1009 stellarum
581 968 672 1028 vero,
709 946 794 1028 quod
827 945 861 1008 in
892 945 949 1008 illa
981 944 1107 1008 unitate

99 1035 217 1100 coloris
245 1033 451 1098 dissimilium
484 1035 662 1098 formarum
690 1034 902 1099 varietatibus
937 1056 1107 1116 corporan-

61 1150 85 1187 ιο
99 1127 162 1187 tur.
199 1122 248 1187 De
267 1124 412 1187 moribus
435 1145 510 1187 vero
535 1123 683 1207 gentium
707 1145 904 1207 supervacua
927 1122 1105 1206 disputatio
1120 1124 1161 1187 12

100 1218 164 1297 est3
191 1234 266 1276 nam
292 1217 324 1276 et
346 1210 487 1276 Asianos
512 1213 670 1295 plurimos
694 1211 853 1295 videmus,
879 1212 979 1275 immo
1007 1233 1108 1294 paene

101 1323 212 1365 omnes
236 1301 424 1364 sobrietatis
443 1300 585 1384 insignia
603 1299 832 1384 praeferentes,
855 1305 888 1364 et
911 1299 1108 1364 Graecorum

100 1391 216 1453 levitas
236 1390 421 1472 frequenter
440 1390 604 1454 modestae
629 1390 801 1474 gravitatis
824 1390 949 1472 pondus
976 1389 1108 1472 accepit,

101 1482 134 1542 et
154 1479 309 1542 effrenata
330 1475 525 1561 Scytharum
545 1478 651 1542 rabies
675 1499 876 1562 quacumque
895 1478 1108 1540 humanitatis

60 1593 85 1630 15
101 1567 273 1631 clementia
297 1566 479 1650 mitigatur,
508 1568 597 1630 etin
620 1567 739 1631 finibus
764 1565 945 1630 Galliarum
968 1566 1108 1648 populus

101 1656 279 1736 sapientiae
298 1655 470 1737 prudentia
490 1655 695 1738 convalescit,
717 1654 935 1739 Afrorumque
955 1655 1107 1718 subdolas

101 1747 225 1806 mentes
255 1743 410 1805 honestae
439 1741 513 1805 fidei
543 1749 733 1807 ornamenta
765 1745 994 1829 condecorant,
1024 1747 1058 1806 et
1089 1766 1108 1806 a

100 1831 250 1914 plurimis
274 1829 430 1912 Hispanis
455 1831 628 1896 iactantitle
655 1832 736 1896 vitia
764 1834 968 1915 deseruntur,
995 1836 1028 1896 et
1052 1829 1109 1915 Sy-

101 1941 212 1982 rorum
235 1918 406 1983 avaritiam
430 1919 569 1983 mutavit
593 1922 760 2003 repentina
783 1921 943 2005 profusio,
970 1924 1109 1985 nonest

61 2034 87 2071 so
101 2009 187 2072 inter
210 2009 286 2072 illos
311 2012 423 2070 acutos
448 2006 574 2072 Siculos
599 2010 718 2073 stultos
741 2009 884 2072 invenire
908 2009 1053 2091 difficile,
1077 2013 1109 2071 et

101 2097 142 2159 ab
176 2096 269 2160 Italis
302 2096 489 2179 frequenter
526 2097 756 2161 dominationis
784 2097 920 2180 imperia
952 2098 1111 2161 translata

101 2189 185 2248 sunt.
224 2183 292 2250 Neo
315 2186 412 2249 huius
435 2186 482 2249 rei
505 2185 602 2271 longe
626 2188 688 2250 tibi
712 2190 768 2249 aut
791 2208 829 2250 ex
851 2184 992 2269 antiquis
1017 2185 1163 2250 libris13

100 2274 302 2356 proferemus
327 2275 486 2357 exempla:
515 2276 664 2339 dominus
689 2281 721 2338 et
744 2276 915 2360 Augustus
937 2280 1049 2339 noster
1072 2296 1109 2339 ac

100 2365 203 2427 totius
233 2363 321 2427 orbis
350 2366 527 2445 imperator
559 2365 632 2447 pius
660 2364 738 2427 felix
766 2363 919 2447 providus
950 2365 1110 2446 princeps,

62 2477 87 2516 25
102 2450 338 2516 Constantinus
367 2450 491 2516 scilicet
514 2453 674 2517 maximus
703 2453 768 2517 divi
792 2451 1000 2517 Constantini
1022 2453 1109 2515 filius

101 2545 260 2625 augustae
289 2561 326 2603 ac
353 2542 551 2605 venerandae
580 2542 754 2605 memoriae
782 2540 951 2625 principis,
984 2541 1039 2624 qui
1070 2541 1109 2604 ad

102 2629 304 2693 liberandum
338 2630 449 2693 orbem
482 2631 661 2712 tyrannicis
694 2630 970 2694 moderationibus
1004 2633 1038 2693 et
1070 2629 1111 2691 ad

103 2717 344 2800 comprimenda
371 2719 549 2782 domestica
576 2718 662 2782 mala
691 2718 801 2782 favore
833 2718 983 2801 propriae
1014 2717 1110 2780 maie·

102 2806 198 2870 statis
227 2807 349 2870 electus
378 2812 442 2891 est,
472 2811 511 2871 ut
540 2829 597 2890 per
623 2808 731 2891 ipsum
760 2808 927 2871 servitutis
960 2805 1111 2890 squalore

60 2919 86 2958 ao
101 2896 228 2958 deterso
259 2916 389 2958 securae
417 2895 513 2959 nobis
543 2896 706 2960 libertatis
739 2916 873 2959 munera
901 2894 1112 2958 redderentur

100 2988 200 3066 utque
225 2982 424 3067 captivitatis
447 2985 525 3068 iuga
547 2984 698 3070 fatigatis
721 2984 788 3047 iam
809 2988 843 3047 et
862 2983 1027 3065 oppressis
1047 3001 1112 3044 cer-

99 3073 225 3136 vicibus
248 3094 449 3156 poneremus,
474 3095 569 3156 quem
592 3096 651 3157 pro
675 3077 787 3137 nostra
811 3093 940 3154 semper
958 3070 1111 3133 libertate

189 3245 280 3299 3ista
299 3251 333 3305 Q*
398 3246 494 3299 4istis
513 3265 539 3315 g.
559 3249 588 3299 et
606 3245 663 3299 illis
683 3245 810 3317 atillis]
830 3243 913 3299 Italis
932 3263 949 3296 a
1014 3241 1113 3321 brub-

98 3316 163 3370 tilia
180 3314 250 3375 1¹³0
330 3316 529 3371 6manifestas
547 3323 582 3369 1²⁸
663 3319 926 3386 9temperantura
1005 3317 1039 3364 10
1058 3311 1110 3363 dis-

99 3387 212 3457 positi0,
232 3405 298 3442 corr.
319 3387 348 3440 A‘
406 3395 440 3441 14
458 3391 599 3457 scytarum
617 3394 661 3441 PB
679 3387 853 3446 scitorumtt
909 3390 943 3438 16
964 3386 1104 3436 astrorum

99 3475 153 3527 que
176 3464 238 3510 1²3⁸
261 3460 319 3528 (ubi
342 3476 372 3512 ro
395 3461 440 3529 os.)
464 3465 531 3519 eto
621 3465 654 3513 18
676 3458 856 3528 hyspanis?
892 3457 895 3525 Ι
932 3455 1066 3507 deserunt·
1086 3459 1104 3492 ¹

99 3535 133 3583 20
153 3533 250 3583 acutos
269 3534 310 3581 11·
329 3528 444 3585 auidos?
463 3531 504 3582 11¹³
577 3536 610 3584 27
630 3528 777 3584 tirannicis
796 3535 817 3589 0
