2416 3840
436 170 439 174 ·
499 171 688 257 ,maa-12.
1041 134 1104 239 109

93 319 211 383 diurna
229 318 382 402 genitura
399 318 505 382 fuerit.
545 315 674 383 sivero
693 317 871 384 Mercurius
894 340 928 383 se
947 319 1105 386 societate

94 407 339 491 radiationeque
364 406 580 488 coniunxerit,
607 406 723 492 longos
748 428 848 472 annos
875 412 908 473 et
930 408 1017 473 vitae
1040 430 1106 472 ma·

94 496 184 561 xima
216 496 323 579 spatia
355 495 511 580 decernit3
548 494 639 559 dabit
676 496 775 561 etiam
809 497 977 580 utriusque
1011 518 1105 562 sexus

95 584 183 649 filios
208 589 265 648 aut
287 586 448 670 geminos,
475 584 666 669 praesertim
690 584 718 649 si
741 584 810 669 ipse
833 585 933 649 fuerit
955 585 1105 651 dominus

67 673 265 759 ageniturae
292 673 343 738 vel
371 673 522 738 dominus
548 672 651 758 partis
679 673 852 757 horoscopi
880 674 930 738 vel
956 674 1106 740 dominus
1179 696 1185 705 ’

97 761 167 826 eius
196 762 295 847 signi,
323 762 358 826 in
386 782 450 846 quo
474 766 524 827 est
552 762 701 826 dominus
730 762 897 848 geniturae
920 763 1106 831 collocatus.

98 850 221 926 Quodsi
254 850 289 913 in
319 854 479 915 nocturna
510 850 662 935 genitura
693 855 807 915 contra
839 852 986 916 datorem
1018 852 1105 917 vitae

97 939 197 1004 fuerit
225 939 402 1004 collocatus
430 938 510 1024 (non
536 940 622 1004 enim
650 940 770 1023 gaudet
795 938 943 1025 Iuppiter
971 940 1006 1004 in
1032 962 1106 1006 noc-

97 1028 204 1092 turnis
239 1028 430 1113 genituris),
462 1028 531 1093 eius
564 1028 694 1112 aetatis,
727 1049 946 1112 quaecumque
978 1029 1107 1095 decreta

55 1145 83 1184 10
97 1115 206 1198 fuerit,
229 1116 397 1181 duodecim
420 1138 521 1182 annos
545 1116 660 1182 aufert.
698 1114 760 1181 Sed
783 1123 818 1181 et
841 1118 868 1182 si
891 1118 926 1182 in
948 1122 1157 1188 nocturnali

98 1205 250 1291 genitura
277 1204 365 1270 Mars
394 1204 423 1270 ei
454 1206 506 1270 vel
534 1205 724 1281 Venusvel
751 1204 845 1271 Luna
876 1207 1038 1272 contrario
1072 1230 1106 1272 se

99 1292 159 1378 [ei]
183 1315 278 1358 cursu
303 1294 547 1378 monstraverit,
570 1293 720 1359 maximis
745 1317 832 1373 eum,
860 1295 917 1378 qui
939 1295 986 1361 sic
1008 1300 1105 1361 natus

98 1381 207 1465 fuerit,
226 1382 325 1447 faciet
339 1382 429 1447 vitiis
443 1383 606 1468 implicari
622 1384 798 1448 secundum
816 1387 967 1448 naturam
983 1384 1108 1449 scilicet

100 1469 270 1554 signorum
293 1475 390 1556 atque
409 1471 636 1536 substantiam.
672 1471 711 1536 In
729 1472 879 1537 humanis
899 1472 984 1537 enim
1004 1473 1107 1559 signis

54 1588 84 1628 rs
101 1559 148 1624 sic
169 1561 296 1643 positus
323 1559 422 1624 faciet
449 1559 640 1625 libidinosos
668 1564 701 1624 et
729 1561 815 1626 circa
838 1582 964 1626 amores
993 1562 1117 1626 insana-

103 1648 279 1731 cupiditate
311 1652 553 1733 praeposteros,
584 1649 741 1714 facientes
773 1672 811 1714 ea
843 1672 924 1734 quae
956 1650 1107 1715 mulieres

100 1737 207 1803 facere
240 1740 483 1802 consueverunt.
528 1738 567 1801 In
601 1737 862 1821 quadrupedibus
896 1760 972 1803 vero
1004 1739 1108 1824 signis

101 1826 149 1891 sic
175 1826 302 1910 positus
329 1828 500 1890 venatores
527 1826 625 1891 faciet
658 1830 691 1891 et
718 1827 860 1891 ferarum
887 1831 1047 1892 amatores
1076 1831 1109 1892 εὴ

101 1935 183 1998 quos
212 1936 339 1998 semper
367 1914 521 1979 silvarum
554 1915 682 1980 deserta
714 1916 873 1997 delectent
905 1920 938 1980 et
966 1916 1107 1980 adsiduis

56 2032 87 2072 eo
102 2002 270 2068 laboribus
289 2003 482 2086 implicatos.
514 2003 553 2068 In
573 2004 709 2069 terrenis
728 2027 805 2069 vero
823 2004 991 2069 herbarios
1010 2004 1109 2070 faciet

103 2096 137 2156 et
160 2093 234 2175 plus
257 2093 403 2157 volentes
427 2093 508 2156 scire
534 2114 630 2176 quam
648 2092 772 2177 patitur
794 2093 955 2158 humanae
973 2097 1108 2158 naturae
1193 2155 1198 2161 .

101 2180 298 2264 substantia3
321 2181 355 2244 in
375 2181 505 2264 aquosis
524 2202 601 2246 vero
618 2181 807 2266 piscatores,
830 2182 1000 2266 atquibus
1024 2182 1109 2248 circa

102 2268 237 2334 flurium
255 2268 306 2334 vel
325 2292 413 2334 mare
433 2271 483 2334 vel
501 2271 635 2353 paludes
656 2271 700 2335 sit
719 2270 908 2356 subsidium,
926 2271 1108 2336 laboriosos

103 2379 181 2422 sane
200 2359 277 2442 <et>
301 2381 340 2423 ex
363 2359 435 2422 istis
455 2360 580 2423 artibus
605 2381 700 2444 saepe
723 2359 878 2425 viventes.
916 2359 1039 2436 Quodsi
1063 2361 1160 2426 sicl2

59 2446 212 2532 reposito
231 2446 308 2512 Iove
331 2447 365 2511 in
388 2452 547 2513 nocturna
570 2448 721 2532 genitura
743 2448 971 2514 resistentibus
995 2449 1024 2513 ei
1047 2449 1109 2533 his,

104 2535 222 2620 quibus
250 2535 403 2616 diximus,
435 2535 528 2601 Luna
555 2538 596 2602 ab
625 2558 663 2602 eo
691 2538 874 2623 recesserit,
904 2537 1109 2622 inaequalem

103 2624 207 2689 vitam
229 2623 328 2689 faciet
350 2625 426 2709 <et>
447 2624 683 2710 frequentiores
707 2626 853 2691 miserias
876 2627 1000 2692 indicit.
1047 2624 1110 2691 Sed

103 2713 166 2778 hoc
190 2736 209 2778 a
232 2714 317 2778 malo
342 2735 381 2778 ex
404 2712 513 2797 aliqua
531 2719 622 2799 parte
645 2715 889 2799 temperabitur,
912 2715 941 2779 si
959 2714 1006 2780 sic
1024 2715 1109 2798 <ab>

104 2823 143 2866 eo
167 2803 317 2867 recedens
340 2801 432 2866 Luna
449 2801 569 2868 Veneri
592 2825 626 2868 se
650 2807 811 2887 oportuna
833 2804 1012 2869 radiatione
1036 2825 1109 2868 con-

60 2920 90 2960 eo
104 2891 256 2956 iunxerit.
293 2889 415 2966 Quodsi
436 2889 482 2956 sic
501 2892 608 2975 posito
628 2890 706 2956 Iove
725 2890 817 2956 Luna
840 2892 881 2957 ab
901 2914 939 2958 eo
958 2891 1109 2957 recedens

102 2980 224 3045 nullius
252 2980 367 3045 stellae
395 2979 546 3045 habuerit
573 2981 848 3065 coniunctionem,
878 2981 1035 3045 maximas
1063 2979 1110 3044 in-

193 3197 208 3242 2
236 3189 423 3244 radiationem
450 3188 521 3243 coni.
545 3194 572 3240 H
598 3189 765 3244 radiationis
793 3207 809 3243 σ
898 3196 913 3243 5
941 3188 1030 3259 partis
1054 3191 1072 3244 i.
1088 3207 1109 3244 e.

102 3262 210 3330 finium,
228 3263 262 3329 cf.
282 3267 345 3328 116,
356 3275 380 3313 ra
444 3259 607 3334 agoniam-9
629 3267 664 3314 pa
728 3266 761 3314 10
780 3261 814 3327 cf.
835 3264 906 3326 74,4
961 3267 993 3314 12
1012 3261 1063 3315 del.
1078 3260 1108 3314 A'

103 3391 137 3439 22
153 3384 293 3439 substanti
323 3390 358 3437 pa
412 3391 445 3440 24
464 3349 483 3450 ii
501 3391 604 3438 sanev
621 3387 624 3455 l
641 3388 670 3439 et
688 3383 795 3440 adm
813 3386 817 3452 Ι
834 3400 976 3454 sempera
1030 3390 1063 3438 27
1082 3388 1111 3439 et

103 3455 293 3528 odd.alinei
315 3455 345 3525 't,
364 3472 431 3511 corr.
451 3477 468 3510 κ
522 3460 555 3536 ἳβ
573 3458 695 3537 cuppla
749 3462 782 3510 29
801 3455 908 3529 lunpu
964 3461 997 3509 31
1017 3455 1111 3524 ullius,

103 3544 172 3582 corr.
191 3549 208 3582 κ
226 3529 260 3595 cf.
275 3528 324 3583 IV
335 3532 362 3582 8.
381 3531 425 3594 15,
439 3540 452 3579 a
467 3529 472 3597 Ι
488 3542 700 3581 comunnonem
717 3533 740 3579 R
