2416 3840
479 168 520 224 111
534 175 559 239 7,
573 184 643 224 a-s.
1000 168 1061 232 157

54 321 88 383 et
118 315 176 401 qui
198 319 348 380 naturam
372 336 464 380 suam
487 314 594 378 nolint
621 313 737 379 ceteris
760 313 946 378 hominibus
976 335 1063 378 com-

53 426 183 490 parare,
213 403 421 468 adfectabunt
449 403 535 468 enim
558 403 598 466 ad
622 402 743 486 omnia,
771 425 852 485 quae
879 403 945 467 illis
974 402 1064 467 nulla

53 493 238 580 magisterii
268 492 403 557 tradidit
431 491 614 575 disciplina,
647 491 726 555 facit
757 513 832 554 sane
861 492 996 556 miseros
1029 491 1065 555 in

54 583 125 648 vita
149 587 182 646 et
206 582 261 665 qui
286 603 319 645 se
343 603 469 664 semper
491 580 581 644 vario
605 580 829 664 angustiarum
849 601 965 665 genere
990 601 1063 645 con·

27 672 177 738 eliciant.
225 668 259 734 Si
288 690 364 734 vero
393 670 439 734 sic
465 669 609 754 positum
633 668 830 733 Mercurium
859 669 968 752 aliqua
990 667 1096 751 lup-5

54 761 142 845 piter
171 759 352 823 radiatione
380 757 558 840 respexerit
590 757 640 822 vel
670 758 697 821 si
726 779 799 822 cum
827 778 865 821 eo
894 757 993 821 fuerit
1015 757 1065 822 in-

55 851 172 914 ventus
201 853 234 911 et
261 845 355 910 Luna
386 869 419 911 se
448 846 513 909 illis
546 846 631 910 bona
664 846 891 910 coniunctione
924 845 1065 929 sociarit,

55 936 136 1003 facit
159 936 287 1021 magnis
316 957 352 999 ao
375 935 510 999 famosis
534 935 614 1000 locis
637 935 807 1020 praeponi,
835 935 890 999 sed
920 934 1066 1018 quinon
1118 985 1121 994 .

56 1026 200 1090 habeant
236 1024 418 1109 potentiam
456 1024 683 1108 principalem,
719 1025 775 1088 sed
811 1023 845 1087 in
882 1024 953 1107 ipso
991 1028 1065 1088 actu

18 1141 45 1180 ro
59 1113 182 1179 alienae
219 1113 377 1198 potestati
415 1113 614 1177 subiaceant.
661 1111 756 1177 Facit
793 1118 900 1177 autem
938 1113 1066 1198 magnis

57 1202 241 1267 rationibus
266 1200 479 1286 praepositos,
502 1202 607 1266 reddit
630 1201 713 1266 tales
738 1199 800 1285 [et]
819 1200 874 1286 qui
893 1200 1065 1266 facultates

57 1292 165 1376 regias
186 1312 244 1354 sua
263 1290 475 1373 dispositione
495 1294 677 1354 sustentent
696 1294 729 1354 et
748 1291 804 1374 qui
819 1312 929 1355 omnes
944 1291 1067 1355 reditus

57 1380 168 1466 regios
187 1379 422 1461 thesaurosque
442 1401 518 1443 suae
541 1379 685 1443 habeant
702 1378 778 1442 fidei
798 1379 1067 1462 dispositionique

58 1467 264 1552 commissos3
293 1468 347 1532 sed
375 1466 455 1531 haec
483 1489 594 1531 eorum
622 1466 761 1532 felicitas
790 1468 881 1531 brevi
910 1467 1067 1552 temporis

18 1557 171 1643 raspatio
193 1555 332 1621 finietur.
1147 1625 1150 1630 ¹

149 1644 189 1710 In
207 1645 304 1710 tertio
319 1644 391 1709 loco
406 1643 586 1709 Mercurius
606 1645 646 1709 ab
666 1643 848 1728 horoscopo
868 1644 1099 1716 constitutusss

59 1734 159 1799 faciet
193 1734 375 1799 sacerdotes
403 1755 517 1818 magos
548 1732 727 1798 archiatros
757 1732 1007 1798 mathematicos
1036 1737 1069 1797 et
1104 1799 1107 1806 ,
1175 1806 1177 1810 ,

59 1845 118 1908 per
141 1844 175 1887 se
199 1823 399 1887 invenientes
424 1827 520 1905 atque
547 1821 716 1907 discentes,
740 1821 893 1906 quiequid
915 1821 981 1886 illis
1004 1843 1069 1885 non

60 1915 112 1976 est
130 1911 236 1976 alieno
252 1910 453 1993 <traditum>
470 1911 673 1996 magisteri03
692 1910 772 1975 facit
791 1915 899 1976 autem
919 1910 1068 1975 cordatos

19 2027 47 2068 so
61 2000 172 2065 felices
201 2005 234 2064 et
264 2000 319 2083 qui
348 2000 387 2063 ad
412 2022 522 2063 omnes
547 2004 639 2064 actus
666 1999 757 2064 facili
780 2022 813 2063 se
842 1999 968 2063 ratione
997 2020 1070 2063 con·

61 2089 210 2172 iungant.
243 2086 279 2153 Si
293 2110 368 2152 vero
384 2088 431 2152 sic
445 2089 588 2172 positum
602 2086 797 2154 Mercurium
817 2089 855 2152 de
870 2088 1001 2172 trigono
1018 2087 1070 2151 vel

62 2178 102 2242 de
127 2197 271 2261 exagono
290 2177 438 2260 Iuppiter
461 2177 639 2261 respexerit
662 2177 713 2241 vel
737 2177 764 2241 si
787 2177 951 2260 cumipse
971 2176 1070 2241 fuerit

62 2267 226 2349 inventus,
247 2264 345 2330 faciet
364 2287 500 2351 magnae
522 2266 650 2350 mentis,
672 2287 865 2351 magnorum
889 2288 926 2329 ac
949 2264 1070 2330 divino-

62 2377 137 2418 rum
165 2354 373 2418 consiliorum
396 2356 492 2419 viros.
535 2352 669 2419 sivero
698 2354 744 2419 sic
769 2354 886 2438 positis
909 2353 1069 2419 Mercurio

22 2465 102 2512 1500
120 2442 196 2507 love
215 2441 303 2508 Mars
328 2465 361 2506 se
372 2443 447 2507 ¹illis
466 2443 630 2527 aliquibus
649 2443 885 2508 radiationibus
896 2443 1071 2529 obligarit,

63 2532 163 2596 faciet
181 2536 408 2615 procuratores
427 2553 550 2619 regum,
569 2532 712 2597 famosos
727 2533 832 2616 duces,
851 2537 1001 2617 potentes
1019 2533 1071 2597 ad-

64 2620 303 2686 ministratores
323 2625 356 2685 et
371 2621 488 2704 quibus
503 2622 611 2706 regiae
625 2621 791 2686 facultatis
807 2622 992 2687 substantia
1007 2621 1071 2707 [se]

65 2709 223 2792 credatur,
247 2713 280 2774 et
298 2709 380 2774 tales
400 2711 507 2775 animo
532 2731 569 2774 ac
588 2710 711 2775 viribus
734 2711 880 2792 reddunt,
904 2715 941 2774 ut
964 2711 1073 2775 omnia

63 2799 192 2883 possint
216 2797 315 2861 animi
339 2798 389 2862 sui
410 2799 528 2863 virtute
553 2820 590 2863 ac
613 2798 769 2863 felicitate
794 2821 952 2884 superare.

156 2959 169 3005 1
189 2953 290 3007 nolunt
312 2960 332 3007 P
422 2960 437 3006 2
457 2954 532 3008 enim
555 2956 581 3027 σ]
605 2954 692 3009 etiarn
782 2963 796 3008 9
816 2954 898 3024 ipsis,
922 2972 990 3008 corr.
1010 2955 1074 3010 seul

66 3030 98 3078 11
120 3026 149 3078 et
167 3025 217 3079 del.
232 3023 262 3076 A'
279 3026 369 3094 possis
386 3025 569 3105 praepositos,
588 3025 739 3080 rationales
756 3025 848 3094 etqui
903 3033 936 3079 12
955 3043 1006 3079 sua
1024 3027 1073 3097 κσ]

64 3094 160 3164 posita
216 3102 248 3149 13
268 3095 534 3165 dispositronemque
548 3102 627 3149 HPB
641 3096 661 3167 (i
675 3099 708 3153 tr.
723 3100 757 3167 V)
813 3103 845 3150 16
862 3096 998 3150 constitus
1013 3102 1075 3148 Μ

67 3172 100 3220 18
121 3166 255 3236 quicquid
269 3166 312 3248 Κ]
332 3167 381 3236 qui
395 3183 449 3235 que
462 3172 541 3219 ΗΓΒ
559 3168 634 3235 quod
649 3168 685 3222 ab
698 3167 811 3222 illorum
829 3185 885 3222 non
901 3167 939 3221 sit
952 3167 1075 3221 alienum

66 3255 103 3294 m.
126 3243 149 3290 V
222 3244 254 3291 19
275 3239 389 3306 ahenos,
415 3254 483 3292 corr.
502 3237 531 3290 A'
550 3239 553 3308 l
569 3240 657 3308 suppl.
672 3239 744 3306 Sittl,
762 3241 820 3294 sior.
841 3258 858 3292 a
929 3245 964 3293 20
982 3237 1076 3292 radia-

66 3307 157 3378 tione‚
183 3327 251 3364 corr.
270 3309 299 3362 A'
336 3311 339 3381 l
374 3309 559 3379 accingente
581 3313 750 3380 componant
773 3311 892 3365 Mueller
914 3311 946 3364 cl.
966 3311 998 3365 de
1023 3327 1073 3364 err.

67 3385 131 3446 100,
141 3393 174 3434 as.
190 3386 253 3447 110,
263 3394 296 3434 n.
311 3385 374 3447 121,
385 3395 410 3432 14
464 3386 497 3434 25
512 3379 570 3434 ioui
586 3381 590 3452 l
605 3380 678 3450 illos,
692 3398 759 3436 corr.
770 3387 793 3434 V
803 3383 892 3450 possis
905 3383 987 3436 etlam
1000 3381 1075 3434 Mars

68 3451 123 3522 [se]
142 3450 206 3505 illos
226 3453 279 3520 (ita
292 3452 367 3520 stul)
387 3459 436 3507 aut
453 3449 512 3506 Iovi
525 3451 601 3506 Mars
620 3469 649 3533 se
668 3452 755 3534 [illos]
775 3470 835 3507 cam
849 3453 878 3505 A'
935 3458 968 3506 27
988 3452 1075 3506 facul·

67 3523 151 3591 tates,
170 3539 238 3578 corr.
254 3528 302 3582 av
318 3524 322 3595 Ι
339 3539 368 3577 se
387 3524 436 3581 dcl.
457 3529 479 3583 Q
551 3528 584 3577 29
602 3523 730 3593 folrcrter,
749 3541 816 3579 corr.
835 3545 852 3580 u
871 3527 915 3596 (ac
933 3541 983 3580 om.
998 3523 1039 3595 Κ)
