2416 3840
512 194 551 249 IV
566 201 608 265 19,
623 212 691 251 s—s.
1045 195 1109 260 245

104 362 231 425 semper
261 340 392 426 affectu3
422 343 518 405 erunt
548 361 624 404 sane
656 341 773 405 semoti
804 346 837 406 ct
867 341 931 406 sibi
954 344 1113 426 vacantes,

102 430 266 494 modicum
295 433 471 494 sumentes¹
497 427 606 495 cibum
638 434 671 493 ct
705 429 809 494 multa
839 430 1006 514 potatione
1039 450 1116 515 gau-

103 519 225 584 dentes.
258 517 400 602 Corpore
428 521 523 583 erunt
547 516 666 582 modici
688 517 802 602 pallidi
822 518 977 604 languidi,
995 517 1114 604 frigido

104 607 212 672 ventri
240 611 274 671 et
301 607 357 692 qui
385 607 517 671 adsidue
546 606 701 671 reiectare
725 606 951 671 consueverint
978 610 1011 672 et
1035 629 1115 692 quos

78 717 233 779 asemper
255 696 419 780 malignus
442 696 560 760 humor
583 695 742 781 inpugnat
765 698 797 759 et
816 717 897 780 quos
920 696 1115 762 intrinsecus

105 785 262 850 collectus
286 784 380 849 dolor
404 784 537 849 adsidua
561 782 686 848 ratione
710 784 893 850 discruciet.
938 782 1017 848 Vita
1038 805 1115 849 vero

104 894 217 938 eorum
250 873 311 937 erit
345 871 512 937 malitiosa
543 872 708 937 laboriosa
738 873 880 938 sollicita
909 876 942 937 et
971 872 1114 937 adsiduis

105 961 271 1026 doloribus
297 962 397 1026 animi
420 962 597 1047 implicata,
621 962 706 1027 circa
731 983 848 1046 aquam
866 961 918 1026 νε]
937 961 972 1025 in
990 982 1115 1046 aquoso

103 1052 176 1114 loco
199 1049 357 1115 habentes
380 1051 467 1116 vitae
487 1050 676 1116 subsidium.
716 1049 838 1127 Quodsi
857 1051 927 1134 ipse
947 1049 1145 1136 genituraeb

65 1139 255 1205 rodominus
279 1139 412 1205 effectus
441 1142 498 1204 aut
524 1141 559 1204 in
582 1140 678 1204 domo
708 1162 767 1205 sua
791 1138 834 1204 sit
858 1144 915 1203 aut
938 1138 1114 1204 infinibus

105 1229 173 1293 suis
207 1233 264 1292 aut
296 1229 330 1292 in
362 1229 458 1293 domo
491 1228 579 1294 lovis
607 1229 658 1293 νε]
691 1229 726 1292 in
752 1229 872 1293 finibus
901 1229 969 1292 suis
998 1231 1055 1293 aut
1082 1228 1117 1292 in

105 1318 200 1382 domo
235 1316 320 1381 Solis
358 1321 391 1382 et
428 1317 472 1382 sit
500 1318 615 1382 diurna
651 1317 802 1402 genitura
835 1318 985 1401 [locum],
1016 1316 1116 1382 faciet
1142 1328 1144 1343 ²

104 1406 139 1469 in
169 1406 238 1469 vita
268 1406 372 1471 claros
403 1410 437 1469 et
465 1404 592 1470 nobiles
624 1408 656 1469 et
685 1426 814 1469 omnem
841 1403 1033 1470 felicitatem
1056 1411 1116 1488 pr'o

104 1494 252 1557 locorum
275 1497 439 1577 potestate
464 1493 615 1558 decernit.
663 1492 697 1557 Si
716 1493 847 1558 veroin
860 1493 976 1558 Martis
995 1493 1116 1558 finibus

65 1606 91 1646 15
106 1581 206 1645 fuerit
228 1581 279 1645 νε]
307 1581 342 1645 in
365 1581 460 1646 domo
484 1582 601 1646 Martis
624 1582 676 1646 νε]
705 1582 739 1646 in
767 1582 862 1646 domo
886 1582 995 1646 Lunae
1017 1580 1117 1647 fuerit

106 1670 272 1754 inventus,
309 1669 407 1736 faciet
439 1671 551 1736 tristes
583 1669 765 1735 laboriosos
799 1670 946 1736 sordidos
977 1671 1116 1735 humiles

105 1758 300 1843 ingloriosos
334 1761 366 1823 et
403 1759 459 1842 qui
491 1758 634 1824 adsiduis
675 1759 824 1845 lugubris
851 1758 1028 1824 tristitiae.
1046 1808 1072 1824 ..
1088 1809 1116 1823 ..

106 1845 321 1912 sordidentur.
368 1845 431 1912 sed
457 1847 537 1913 haec
564 1847 703 1913 fortiora
726 1851 821 1912 erunt
844 1849 943 1930 mala,
967 1848 995 1912 si
1017 1847 1144 1913 fueriti

105 1940 266 2001 nocturna
295 1936 446 2021 genitura
469 1941 502 2001 et
525 1937 554 2000 si
576 1934 669 2000 Luna
696 1937 823 2001 minuta
853 1936 1031 2001 luminibus
1064 1937 1117 2002 do·

66 2049 93 2088 ro
107 2025 243 2089 minium
277 2026 306 2089 ei
338 2025 531 2109 decreverit3
567 2029 645 2090 tuno
677 2025 763 2090 enim
796 2028 893 2109 caput
926 2025 1116 2109 capillorum

107 2114 242 2178 raritate
275 2113 416 2178 denudat
448 2118 505 2177 aut
536 2113 616 2179 facit
650 2113 789 2199 turpiter
821 2112 947 2198 capillis
980 2113 1117 2178 defluen-

107 2201 195 2266 tibus
220 2203 328 2266 oalvos
352 2205 385 2267 et
413 2223 550 2286 quorum
573 2203 696 2268 lumina
718 2202 897 2286 repentinis
920 2202 1026 2267 solent
1050 2224 1118 2268 cae·

107 2289 263 2355 citatibus
296 2290 447 2375 impediri
478 2291 530 2356 vel
562 2313 700 2375 quorum
736 2291 861 2355 lumina
893 2291 995 2356 aciem
1025 2313 1118 2356 suam

107 2399 146 2442 ex
174 2379 308 2443 adsidua
342 2379 517 2445 suffusione
548 2380 732 2465 deperdant.
782 2379 876 2445 Facit
904 2379 1003 2445 etiam
1029 2381 1118 2465 pleu-

67 2491 93 2532 25
108 2466 253 2533 monicos
272 2467 467 2553 hydropicos
486 2469 680 2554 podagricos
695 2469 832 2534 caducos
846 2467 1015 2554 spastioos,
1028 2491 1118 2554 prae·

109 2557 222 2621 sertim
238 2557 265 2621 si
280 2557 430 2621 dominus
445 2558 578 2623 aflectus
593 2557 762 2642 geniturae
777 2562 810 2622 et
823 2559 858 2622 in
871 2557 936 2622 ista
950 2559 1119 2644 signorum

107 2645 157 2709 vel
176 2647 320 2729 partium
339 2646 518 2711 deiectione
536 2646 664 2730 positus
683 2647 862 2712 deficientis
878 2645 989 2711 Lunae
1007 2648 1115 2711 radios

108 2734 277 2817 exceperit.
333 2734 456 2810 Quodsi
488 2757 561 2800 eum
593 2735 762 2800 benivolas
796 2735 909 2800 stellae
941 2735 1145 2799 habentem8

108 2821 287 2887 dominium
311 2823 367 2909 sic,
391 2823 475 2888 sicut
495 2822 644 2909 diximus,
667 2825 812 2908 positum
830 2824 918 2888 bona
936 2823 1116 2888 radiatione

198 3054 213 3100 2
233 3047 335 3117 cybum
353 3055 373 3101 Ρ
389 3052 393 3120 Ι
409 3049 523 3119 potione
541 3056 568 3103 Μ
649 3057 665 3104 4
689 3050 826 3104 reiactare
845 3055 924 3119 ΜΗ
942 3053 986 3120 (ac
1004 3067 1038 3105 ec
1055 3049 1116 3121 eie),

108 3135 176 3173 corr.
197 3124 219 3178 Q
241 3120 275 3185 cf.
295 3120 358 3174 VII
371 3121 392 3187 f.
408 3121 517 3175 XCIII
531 3123 579 3176 col.
595 3126 613 3175 4
630 3123 688 3176 imo
706 3124 816 3175 ructare
835 3142 852 3174 a
924 3127 940 3176 6
958 3120 1117 3175 radiatione

107 3190 202 3242 MlPB
262 3196 278 3244 9
296 3207 390 3260 nempe
407 3191 553 3245 habebunt
614 3198 645 3246 11
667 3191 723 3246 suis
742 3210 776 3247 sc.
796 3193 872 3246 Iovis
889 3193 946 3247 atsi
963 3194 1012 3247 boc
1029 3194 1119 3261 ipsam

109 3262 174 3316 latet
255 3267 288 3313 12
308 3261 425 3315 diurnae
443 3262 590 3332 geniturae
608 3262 713 3332 locum,
732 3280 800 3318 corr.
820 3281 858 3317 ar
939 3269 971 3317 17
991 3262 1117 3332 tristitia,

108 3348 175 3386 corr.
195 3349 249 3399 κσ,·
272 3334 373 3388 eccidit
390 3350 413 3388 o.
434 3351 454 3388 c.
471 3333 647 3402 squaloribus
738 3340 771 3388 18
789 3335 843 3389 hoo
861 3340 909 3387 PR
929 3336 933 3405 Ι
953 3334 1117 3403 fortuniora,

107 3419 174 3457 corr.
195 3402 224 3455 A'
311 3410 345 3457 20
364 3403 391 3458 ei
409 3405 438 3476 v]
457 3408 486 3459 et
502 3407 506 3474 l
523 3404 651 3475 capud?
741 3411 776 3458 24
795 3421 828 3459 ex
846 3405 890 3478 A']
909 3409 938 3460 et
953 3406 957 3478 Ι
974 3406 1117 3476 deperdat,

108 3490 175 3528 corr.
191 3473 220 3526 A‘
241 3476 275 3541 cs.
287 3476 358 3530 Ptol.
375 3479 428 3530 33v
436 3479 475 3531 26
529 3481 563 3528 25
581 3475 744 3547 podaoricos
759 3482 786 3529 Μ
840 3483 873 3530 26
894 3476 1008 3531 effectus
1026 3495 1076 3532 om.
1090 3482 1117 3529 Μ

108 3549 142 3597 27
162 3544 330 3616 deficientes,
350 3563 417 3602 corr.
433 3565 450 3599 v
505 3553 538 3602 28
558 3546 682 3617 exeperit
695 3553 722 3600 Ι
781 3554 814 3603 29
834 3548 985 3618 dominum,
1003 3565 1071 3604 corr.
1087 3547 1116 3599 A‘
