2416 3840
131 169 196 233 208
568 167 704 222 FIRMICI

133 314 289 378 seriarum
314 315 455 378 adsiduis
484 313 665 377 rationibus
691 311 809 396 quatit,
839 311 989 375 maximis
1018 313 1145 376 sudori·

134 404 194 466 bus
227 406 260 466 et
292 402 442 466 maximis
473 402 641 467 laboribus
675 400 835 484 praesidia
868 405 1075 486 quaerentes3
1109 406 1144 466 et

132 513 207 556 cum
230 512 285 555 eos
308 492 431 556 vicinos
454 490 665 556 felicitatibus
690 489 815 573 fecerit,
844 512 863 552 a
887 511 1013 553 summo
1037 490 1143 574 gradu

133 580 254 644 caduca
290 603 400 645 rursus
437 580 517 645 facit
549 579 662 643 deiect'
639 584 727 643 trono
759 578 941 642 delebit
908 581 941 641 et
977 579 1026 641 int
1012 579 1143 642 terdum

133 690 234 750 usque
259 669 298 732 ad
323 692 485 732 summum
508 668 679 752 perductos
702 690 768 732 non
791 666 860 750 pati
862 671 916 730 tur
938 666 1069 750 plenam
1091 668 1145 731 ad-
1170 691 1182 732 s

133 756 328 840 prehendere
353 757 491 822 felicitat
442 761 552 820 tt.em
590 756 653 820 Per
675 778 777 821 vacua
800 758 887 819 enim
911 755 1005 840 signa
1027 777 1144 821 cursus

135 867 210 909 suos
234 846 376 930 dirigens
400 846 540 929 primam
564 850 637 909 aeta
639 850 705 908 tem
729 844 808 909 facit
794 844 959 908 tmiseris
984 845 1145 910 aerariis

134 933 386 998 infortuniorum
418 935 545 998 casibus
576 934 746 1017 implicari.
800 931 863 997 Sed
893 955 967 997 cum
997 932 1146 997 animum

133 1027 167 1084 et
195 1043 310 1105 corpus
335 1023 426 1106 gravi
454 1023 707 1087 infortuniorum
736 1018 979 1086 continuatione
1009 1043 1146 1105 quassa·

134 1110 218 1173 verit
246 1115 279 1174 et
308 1110 421 1174 multis
448 1111 650 1175 iuventutem
677 1109 828 1193 periculis
856 1110 992 1195 fregerit
1020 1114 1054 1174 et
1081 1111 1145 1176 hac
1160 1135 1184 1175 ιι

135 1202 232 1281 atque
264 1199 339 1263 illac
374 1200 492 1263 misera
527 1199 787 1283 peregrinatione
820 1201 1026 1283 pertraxerit,
1065 1203 1145 1264 tunc

135 1286 312 1351 multorum
344 1289 505 1352 bonorum
537 1292 570 1352 et
606 1288 765 1352 maximae
798 1287 965 1352 felicitatis
999 1287 1146 1352 decernit

136 1380 319 1459 augmenta,
347 1381 396 1459 ut,
425 1382 581 1462 quantum
609 1377 733 1460 primae
757 1376 857 1440 aetati
880 1375 979 1440 fuerit
1006 1376 1146 1442 infortu-

135 1465 198 1527 niis
216 1465 416 1550 derogatum‚
436 1470 564 1530 tantum
578 1465 752 1549 posteriori
766 1464 932 1529 felicitatis
947 1465 1145 1531 conferatur.

105 1551 172 1618 381
199 1575 274 1618 vero
303 1576 361 1637 per
388 1576 523 1618 vacuum
555 1576 686 1618 currens
716 1552 855 1618 Saturno
889 1576 923 1617 se
950 1557 1066 1637 postea
1094 1554 1145 1620 vel
1159 1578 1183 1619 rs

135 1640 234 1705 Marti
255 1643 466 1726 coniunxerit,
490 1642 635 1707 infelices
654 1640 815 1707 lunaticos
836 1643 972 1707 caducos
991 1642 1093 1708 faciet
1112 1647 1146 1708 et

136 1730 192 1813 qui
215 1730 277 1814 <a>
300 1731 406 1814 prima
430 1735 536 1795 aetate
560 1754 661 1815 usque
686 1732 725 1795 ad
748 1732 959 1796 novissimam
982 1732 1074 1797 vario
1098 1731 1146 1796 in·

135 1818 303 1883 felicitatis
323 1841 439 1905 genere
458 1820 693 1904 deprimantur3
712 1820 811 1884 faciet
830 1841 987 1904 pauperes
1006 1819 1144 1887 miseros

135 1907 311 1972 destitutos
336 1913 368 1972 et
393 1931 530 1992 quorum
559 1931 675 1992 corpus
706 1909 749 1972 sit
773 1908 932 1993 (pannis)
960 1909 1045 1972 male
1068 1931 1145 1995 pen·

136 1996 286 2060 dentibus
310 1998 440 2082 nudum,
469 1998 618 2062 custodes
643 1998 887 2082 sepulchrorum
914 2002 971 2062 aut
994 1998 1051 2081 qui
1074 2021 1144 2084 per·
1158 2025 1183 2063 ro

134 2087 226 2168 petui
250 2086 387 2151 carceris
411 2108 516 2170 poena
538 2086 718 2151 eludantur.

611 2316 667 2380 IX.

106 2439 124 2502 1
224 2438 405 2522 Explicatis
421 2440 703 2505 coniunctionibus
714 2439 824 2504 Lunae
839 2444 871 2504 et
886 2439 1035 2526 diligenti
1046 2442 1146 2527 signi·

136 2527 287 2591 ficatione
311 2530 500 2592 monstratis
524 2530 569 2615 'aad
593 2528 691 2592 aliam
715 2529 1018 2613 interpretationem
1040 2535 1146 2596 trans-

136 2615 259 2679 feratur
283 2617 397 2697 oratic,
421 2616 523 2699 ipsius
548 2617 673 2682 scilieet
695 2616 814 2701 Lunae,
841 2641 881 2682 ne
906 2618 982 2702 quid
1006 2641 1025 2684 a
1048 2620 1145 2684 nobis
1159 2640 1183 2684 ιι

136 2704 170 2767 in
193 2707 261 2768 tarn
287 2705 462 2769 subtilibus
485 2706 761 2790 disputationibus
785 2707 1053 2790 praetermissum
1074 2729 1146 2773 esse

136 2792 298 2878 videatur,
334 2795 527 2877 praesertim
560 2817 634 2860 cum
667 2799 738 2860 tota
769 2796 856 2860 vitae
889 2795 1075 2862 substantia
1106 2819 1147 2862 ex

137 2882 231 2946 istius
254 2883 396 2946 numinis
421 2883 567 2947 cursibus
591 2883 772 2969 colligatur.

227 3098 240 3145 1
257 3091 415 3146 rationibus
425 3100 591 3160 suspectum
605 3095 678 3148 volnt
689 3093 947 3148 continuationibus
958 3096 989 3149 cl.
1000 3099 1045 3161 44,
1051 3108 1071 3149 2
1081 3099 1147 3162 210,

138 3176 164 3214 ιι
219 3169 233 3216 7
248 3162 373 3234 dirigens
384 3162 426 3235 A']
446 3163 569 3244 dirigent
582 3170 636 3218 Π
652 3164 772 3235 diligent
785 3171 832 3217 ΡΒ
887 3172 902 3219 9
922 3137 1128 3221 continuatio
1115 3183 1149 3221 ιιι

137 3235 191 3300 {tae
205 3235 253 3288 lin.
268 3240 295 3287 Η
351 3241 383 3287 12
402 3233 538 3288 maximas
557 3234 677 3290 felicitat
665 3240 716 3303 t‚es
735 3254 803 3291 corr.
818 3235 847 3289 Δ
914 3242 946 3290 13
966 3239 1009 3308 ut]
1029 3237 1146 3318 autll

140 3305 250 3373 aetatis,
267 3323 335 3359 corr.
355 3325 392 3374 v
388 3305 501 3359 'fuerut
514 3312 541 3359 Η
557 3308 561 3375 l
577 3281 727 3360 infortunis
741 3314 788 3360 PR
863 3314 895 3361 14
914 3311 994 3361 tanto
1008 3307 1149 3377 posterior

138 3375 331 3444 felicitatibus
347 3332 413 3431 corb
426 3376 455 3430 Δ
522 3384 553 3430 17
570 3380 664 3433 aadd
679 3397 697 3430 v
760 3385 792 3432 19
807 3380 895 3447 suppl
906 3379 1016 3434 Dreseel
1028 3381 1060 3435 cl.
1071 3380 1153 3435 Vm

138 3448 185 3511 fol.
169 3447 259 3501 lOV
278 3449 364 3502 col.3
347 3450 426 3502 ι’3ιι
526 3454 559 3501 20
578 3450 681 3517 nudus,
709 3467 776 3504 corr
795 3449 825 3502 Δ’
861 3467 864 3517 Ι
898 3449 1040 3519 perpetuis
1068 3456 1149 3504 m

139 3522 172 3570 27
191 3517 427 3586 praesertim-28
446 3518 596 3589 colligatur
613 3538 662 3575 om.
677 3526 700 3573 v
