2416 3840
481 168 520 222 IV
536 175 659 238 16‚1-r.
682 242 685 247 .
1012 168 1077 233 235

70 316 234 380 adornata
268 312 330 379 Sed
349 318 382 378 et
401 314 435 378 in
454 318 568 379 octavo
588 314 757 399 geniturae
776 314 845 380 loco
864 314 899 378 in
917 318 1078 379 nocturna

70 404 222 488 genitura
245 407 277 467 et
299 403 334 466 in
357 402 409 467 his
432 403 466 467 in
490 403 607 487 quibus
631 403 751 488 gaudet
778 402 880 488 signis
905 407 1077 468 consecuta

68 490 157 556 Iovis
176 492 227 556 vel
241 490 378 557 Veneris
397 491 621 556 testimonium
643 490 818 555 maximam
841 492 984 557 decernit
1007 490 1076 556 feli·
1117 541 1119 544 v

70 580 211 645 citatem.
238 578 497 663 ‘Quemcumque
520 580 630 663 itaque
648 579 756 645 locum
775 579 915 644 volueris
934 580 969 643 in
988 581 1076 665 geni·
1099 580 1121 644 4

41 674 144 736 stura
163 673 312 752 tractare,
335 673 393 732 aut
410 673 545 733 naturae
565 672 622 732 aut
644 668 918 733 nutrimentorum
941 673 998 732 aut
1021 689 1075 754 ge·
1110 737 1112 743 ,

69 758 155 822 neris
184 762 241 822 aut
269 762 440 841 parentum
470 761 527 822 aut
554 757 693 821 fratrum
722 761 778 821 aut
804 757 991 841 nuptiarum
1020 761 1077 821 aut

68 845 189 910 sobolis
218 849 274 910 aut
302 851 481 911 extremum
509 846 594 910 diem
622 845 721 929 vitae,
753 844 926 931 diligenter
952 845 1077 929 inspice

68 957 197 999 cursum
221 935 464 1002 coniunctiones
488 934 762 1018 defluetionesque
785 932 910 1020 Lunae,
932 934 1075 1020 longitu-

68 1024 158 1088 dines
182 1023 370 1088 altitudines
400 1028 432 1089 et
460 1024 516 1107 qui
540 1023 782 1088 coniunctiones
812 1024 880 1088 eius
905 1023 1076 1107 excipiant.

24 1140 52 1179 ιο
69 1110 220 1196 Spectare
251 1112 361 1196 itaque
394 1113 428 1176 in
461 1113 549 1177 omni
581 1113 732 1198 genitura
758 1112 924 1196 debemus,
952 1134 992 1177 ne
1017 1109 1118 1177 Solo

69 1202 328 1266 coniunctionem
342 1200 452 1266 Lunae
476 1201 516 1265 ad
540 1223 574 1266 se
592 1201 751 1265 venientis
771 1202 923 1285 excipiat,
946 1203 1075 1285 postea·

68 1312 166 1373 quam
194 1290 279 1354 enim
307 1291 345 1353 de
378 1290 536 1354 diametro
566 1288 652 1354 Solis
680 1289 830 1355 recedens
862 1290 995 1353 luminis
1024 1289 1076 1353 sui

67 1378 211 1461 eoeperit
230 1378 346 1441 damna
365 1378 485 1442 sentire
504 1378 544 1441 ad
563 1378 722 1461 synodum
741 1377 907 1460 festinans,
928 1377 1076 1460 qualibet

66 1465 199 1530 luminis
224 1465 274 1529 sui
292 1466 487 1551 figuratione
506 1488 565 1550 pro
584 1487 735 1529 mensura
752 1466 1004 1549 uniuscuiusque
1024 1465 1075 1528 de·

24 1584 51 1623 15
69 1554 172 1618 cernit
205 1554 348 1618 exitium.
394 1552 429 1619 Si
458 1554 543 1618 enim
574 1554 669 1618 fortis
700 1554 769 1618 eius
801 1554 938 1618 radiatio
966 1552 1075 1636 fuerit,

68 1642 168 1706 fortia
191 1643 277 1706 mala
300 1647 333 1706 et
356 1664 550 1728 magnorum
573 1641 827 1707 infortuniorum
849 1641 907 1727 [ei]
931 1641 1075 1706 decernit
1170 1696 1174 1701 .

68 1731 181 1814 exitia3
214 1731 243 1795 si
270 1731 375 1796 media
406 1731 505 1803 fuerit
534 1730 598 1815 [vel
625 1730 696 1815 fiet]
729 1730 882 1813 radiatio,
914 1731 1076 1795 malorum

67 1824 267 1904 temperatur
290 1819 433 1884 exitium.
480 1818 515 1885 Si
534 1842 610 1885 vero
630 1819 780 1884 deficiens
800 1821 840 1884 ad
857 1820 947 1903 ipsos
966 1819 1074 1884 radios
1098 1820 1119 1883 6

70 1906 155 1973 Solis
180 1910 353 1974 accesserit
376 1913 409 1973 et
432 1909 496 1992 ipsi
525 1909 597 1973 orbi
621 1909 690 1973 eius
715 1908 951 1992 quodammodo
975 1908 1076 1992 gluti-

24 2001 145 2065 sonata
167 1996 266 2061 fuerit
284 1998 359 2081 <et>
378 2019 418 2062 ex
431 2001 566 2081 aspectu
578 1997 748 2061 hominum
762 2000 857 2081 rapta
869 2018 936 2061 non
954 2000 1076 2081 pareat,
1137 2077 1139 2081 ¹

68 2091 146 2150 tune
168 2086 355 2170 potentiora
378 2085 476 2167 mala,
504 2090 581 2150 tunc
609 2086 753 2150 omnium
777 2085 1001 2150 calamitatum
1024 2084 1077 2149 da·

67 2173 171 2238 cernit
194 2174 329 2238 exitium
357 2175 532 2239 secundum
559 2173 638 2239 haec
665 2173 913 2259 apotelesmata,
937 2195 1018 2258 quae
1040 2173 1076 2238 in

66 2263 271 2347 praecedenti
298 2263 394 2327 huius
422 2263 499 2328 libri
525 2267 617 2348 parte
641 2262 848 2348 signavimus.
897 2260 1030 2327 sivero
1054 2284 1074 2326 a
1098 2264 1116 2328 l

67 2350 349 2416 coniunctionibus
379 2350 464 2417 Solis
493 2352 633 2417 liberata
659 2374 718 2435 per
745 2351 830 2415 diem
858 2348 998 2416 Saturno
1022 2351 1075 2416 ad·

25 2467 52 2508 25
69 2441 159 2504 denti
186 2439 227 2504 ad
255 2462 367 2505 cursus
398 2462 474 2506 suos
501 2461 653 2506 numeros
682 2462 716 2505 se
744 2439 836 2504 Luna
864 2439 1076 2524 coniunxerit,

68 2550 260 2614 magnorum
278 2530 440 2595 bonorum
458 2530 513 2613 <et
531 2550 666 2616 magnae
685 2528 853 2594 felicitatis
874 2529 1076 2598 incrementa

67 2617 220 2682 decernit.
266 2615 328 2682 Sed
361 2623 393 2683 et
427 2619 454 2682 si
486 2617 557 2683 Iovi
590 2640 624 2682 se
657 2616 756 2682 simili
788 2616 968 2682 radiatione
1002 2639 1076 2682 con-

158 2815 172 2861 2
193 2813 343 2863 consecuta
356 2811 385 2890 κ]
405 2809 478 2863 sieut
540 2816 558 2863 4
577 2809 672 2878 itaque
688 2810 747 2881 aa]
765 2808 862 2876 itaque
877 2808 919 2861 ita
937 2809 1001 2874 af.
1018 2809 1034 2861 l.
1049 2814 1076 2859 Μ

67 2880 110 2933 ita
129 2884 176 2931 PB
258 2886 272 2932 7
293 2880 397 2933 subolis
416 2883 462 2950 Ml
482 2880 659 2949 inspicerent,
678 2898 745 2935 corr.
760 2880 790 2932 A'
874 2885 889 2932 9
909 2878 1034 2947 eripiant
1051 2883 1079 2931 Ι

69 2957 103 3004 10
122 2953 277 3019 expectare,
297 2968 364 3004 corr.
379 2972 411 3017 κς
429 2955 561 3022 exoptare
580 2969 595 3003 σ
613 2953 644 3006 ol.
659 2954 759 3017 236,17
819 2956 850 3003 11
870 2950 965 3002 Lunae
982 2950 1012 3020 v]
1031 2965 1079 3019 ge·

66 3021 161 3095 niture
178 3024 181 3089 Ι
199 3020 305 3091 eripiat
318 3026 344 3073 11
360 3022 364 3092 Ι
380 3025 479 3091 postea
497 3022 570 3076 enim
589 3039 674 3090 quam
686 3026 714 3074 1
790 3027 823 3074 12
841 3019 994 3074 luminibus
1013 3019 1078 3088 suis,

67 3111 136 3148 corr.
151 3114 168 3145 a
231 3098 263 3145 13
283 3091 411 3145 sinodum
471 3100 504 3146 14
524 3092 567 3158 sui
582 3096 663 3162 parte
681 3091 795 3146 luminis
813 3098 840 3143 Μ
900 3098 931 3144 15
952 3090 1079 3144 exitia!

71 3163 183 3236 fenim]
202 3162 296 3216 media
314 3161 400 3216 fuerit
417 3162 441 3216 si
459 3169 486 3216 1
541 3170 573 3217 16
592 3165 673 3218 deta
729 3169 761 3217 17
781 3162 875 3217 ueta
894 3167 897 3232 Ι
913 3161 977 3215 mal.
997 3164 1079 3216 bis!

70 3239 104 3288 18
119 3237 303 3304 comparatur,
317 3251 385 3288 corr.
396 3232 425 3285 Δ’
482 3241 514 3288 19
529 3234 583 3322 ipsi
593 3233 635 3306 A‘]
651 3235 711 3305 ipso
728 3237 731 3303 l
749 3233 832 3303 orbis,
847 3251 914 3289 corr.
929 3252 947 3286 v
1001 3239 1034 3286 20
1049 3235 1079 3287 et

65 3323 119 3375 pro
138 3322 171 3359 ex
190 3305 219 3357 Δ’
302 3311 335 3357 21
355 3304 478 3359 omnium
497 3307 565 3377 QA]
589 3305 682 3360 omnia
701 3305 759 3358 uim
838 3311 872 3358 24
896 3304 1015 3358 Saturno
1034 3302 1077 3375 A‘]

70 3380 200 3430 saturnus
215 3383 242 3428 H
261 3380 406 3430 saturnum
419 3381 467 3428 PB
522 3382 555 3430 25
574 3379 652 3433 vertit
669 3374 849 3445 προστιθέντι
867 3385 926 3438 τοῖς
944 3375 1078 3444 ἂρνθμοῖς

70 3450 266 3519 (spartanum)
290 3450 294 3518 l
316 3464 367 3501 con
386 3455 411 3502 et
429 3449 460 3501 ta
477 3464 549 3503 aava
568 3449 616 3501 lia.
635 3447 708 3502 xerit
725 3453 748 3500 R
772 3445 962 3501 coniuncxerit
979 3452 1007 3500 Ι

69 3525 103 3572 26
122 3520 210 3588 suppl.
225 3517 255 3570 A'
330 3525 363 3572 27
382 3518 491 3573 ratione
509 3524 532 3571 Δ
