2408 3840
153 191 216 256 102
410 185 417 201 '
584 188 721 244 FIRMICI

149 341 240 402 vates
268 336 516 400 mathematicos
545 359 621 401 vera
648 358 774 420 semper
803 335 1073 419 interpretatione
1101 335 1160 399 ful-

149 429 263 510 gentes
296 432 329 489 et
362 447 499 508 quorum
530 447 686 509 responsa
718 425 765 489 sic
798 424 864 488 sint
891 425 983 509 quasi
1019 425 1159 507 quadam

149 513 331 578 divinitatis
355 514 551 578 auctoritate
573 515 712 599 prolata.
747 511 911 588 Quosdam
931 517 1041 577 autem
1060 513 1160 578 faciet

148 602 183 667 in
197 602 394 686 templorum
409 604 499 667 cultu
519 626 645 686 semper
658 623 863 687 perseverare
883 606 939 666 aut
952 603 1159 686 praepositos

148 690 353 776 religionum,
375 692 537 757 interdum
562 692 761 757 somniorum
784 691 910 754 divinos
934 691 1040 755 reddit
1059 692 1159 756 inter·
1185 711 1194 752 s

148 785 268 864 pretes,
291 780 346 844 sed
369 783 401 844 et
424 780 611 864 frequenter
633 780 714 845 facit
735 779 949 864 philosophos
973 779 1157 863 capillatos.

96 867 137 934 19
149 869 185 934 si
203 890 279 933 vero
299 891 356 951 per
374 873 503 934 noctem
526 869 588 935 hoc
609 870 681 934 loco
704 869 803 933 fuerit
827 869 1034 952 constitutus,
1057 869 1159 934 faciet

148 959 213 1022 iras
240 958 385 1039 deorum,
413 958 647 1042 imperatorum
675 957 762 1042 odia,
790 956 981 1041 praesertim
1010 957 1039 1021 si
1062 957 1158 1023 Luna

146 1045 320 1110 imminuto
344 1046 465 1110 lumine
489 1048 622 1117 adeum
645 1047 770 1111 feratur
793 1067 995 1130 quacumque
1018 1047 1156 1112 ratione.

146 1133 273 1199 Maiora
301 1138 410 1198 autern
438 1158 457 1199 a
484 1135 546 1200 diis
574 1136 626 1200 vel
654 1136 695 1199 ab
725 1135 921 1219 imperatore
950 1135 993 1217 ei,
1022 1136 1079 1218 qui
1109 1136 1155 1201 sic
1171 1155 1194 1194 lo

145 1228 242 1288 natus
270 1222 382 1307 fuerit,
410 1224 626 1289 decernuntur
652 1224 752 1308 mala,
779 1225 807 1288 si
836 1224 882 1289 sic
909 1220 1053 1307 positum
1081 1247 1156 1289 cum

145 1310 238 1376 Luna
258 1310 435 1377 Saturnum
453 1311 542 1377 Mars
561 1335 600 1377 ex
618 1313 728 1397 aliqua
746 1316 838 1396 parte
857 1311 1049 1397 respexerit;
1068 1313 1156 1377 miti-

146 1405 266 1486 gantur
289 1423 378 1485 vero‚
407 1402 435 1466 si
458 1401 497 1465 de
521 1406 682 1485 oportuno
706 1403 778 1467 loeo
802 1401 888 1466 Iovis
917 1401 947 1464 ei
969 1402 1080 1466 radius
1104 1424 1156 1467 ac·

146 1490 281 1554 cesserit
304 1494 337 1555 et
361 1491 389 1554 si
412 1490 448 1554 in
470 1489 676 1555 suisfinibus
699 1489 872 1554 fueritve]
896 1489 931 1554 in
949 1491 1044 1561 domo
1065 1489 1154 1555 Solis

145 1579 197 1643 vel
219 1580 254 1643 in
272 1579 443 1643 altitudine
463 1601 529 1657 sua,
554 1579 582 1643 si
600 1583 711 1645 tamen
729 1601 762 1643 se
782 1579 942 1664 trigoniea
960 1578 1031 1644 Iovi
1049 1580 1154 1644 radia·
1168 1597 1191 1637 1⁵

145 1666 234 1733 tione
258 1667 468 1732 coniunxerit.

91 1757 136 1824 20
233 1756 272 1820 In
285 1756 409 1821 decimo
424 1756 496 1821 loco
511 1755 668 1821 Saturnus
689 1757 728 1821 ab
749 1756 931 1840 horoscopo
951 1756 1153 1822 constitutus

146 1845 311 1930 partiliter
333 1845 368 1909 in
388 1842 459 1909 Md.
477 1844 575 1911 faciet
594 1846 816 1929 imperatores,
840 1846 945 1927 duces,
968 1846 1152 1929 praefectos

143 1934 317 2019 praetorio.
362 1931 397 1998 Si
426 1934 472 1999 sic
499 1935 608 2019 posito
638 1933 776 1999 Saturno
808 1933 864 2016 <in
893 1934 944 1997 his
973 1934 1090 2017 loeis),
1118 1933 1152 1999 in

144 2024 261 2106 quibus
285 2024 460 2108 exaltatur,
488 2020 544 2088 Sol
571 2024 606 2087 in
628 2021 799 2106 horoscopi
828 2027 921 2106 parte
948 2021 1049 2087 fuerit
1075 2045 1151 2089 con·
1164 2041 1189 2080 20

144 2113 290 2197 stitutus,
314 2112 473 2178 Saturnus
497 2117 615 2194 autem,
638 2113 723 2177 sicut
746 2116 821 2175 ante
845 2111 998 2195 diximus,
1020 2112 1055 2175 in
1078 2111 1151 2178 Md.

143 2223 201 2283 per
232 2200 318 2265 diem
350 2200 449 2265 fuerit
481 2201 648 2285 inventus,
684 2200 781 2264 faciet
814 2199 970 2264 honestos
1002 2200 1150 2266 honestis

143 2287 289 2353 moribus
313 2290 487 2374 agricolas,
511 2291 565 2353 sed
589 2289 783 2373 locupletes,
808 2291 840 2352 et
864 2310 1002 2372 quorum
1024 2311 1152 2373 posses-

143 2377 250 2442 siones
278 2382 335 2441 aut
362 2377 445 2441 mari
477 2382 533 2441 aut
561 2377 667 2441 fluviis
700 2379 757 2441 aut
784 2376 910 2461 stagnis
941 2399 1069 2460 semper
1098 2380 1152 2444 ad-

141 2465 257 2529 iacent.
303 2465 405 2529 Dabit
432 2465 531 2530 etiam
560 2466 759 2529 substantias
792 2467 964 2548 maximas,
996 2487 1151 2552 magnam
1164 2483 1187 2524 2⁵

143 2553 283 2638 gloriam
306 2558 340 2617 et
362 2553 424 2636 (a)
448 2553 625 2618 maioribus
649 2552 794 2637 personis
820 2554 1031 2637 hereditates,
1059 2578 1152 2639 prae·

144 2641 258 2707 sertim
290 2642 318 2706 si
347 2642 393 2707 sic
423 2643 453 2707 ei
485 2643 593 2727 posito
621 2642 752 2727 <Mars>
783 2643 874 2706 nulla
906 2664 940 2707 re
967 2644 1151 2709 radiatione

143 2732 354 2796 coniunxerit.
392 2730 515 2807 Quodsi
534 2731 622 2796 Mars
647 2754 720 2795 eum
738 2731 786 2796 sie
803 2731 947 2817 positum
971 2735 1151 2817 respexerit

142 2820 342 2885 validissima
365 2821 600 2904 coniunctione,
622 2821 716 2903 haec,
739 2841 821 2904 quae
845 2820 984 2884 diximus
991 2872 999 2902 ,
1023 2822 1151 2886 minora

88 2910 330 2994 21praestabit.
377 2907 412 2973 Si
445 2931 521 2974 vero
553 2930 611 2993 per
643 2913 771 2974 noctem
804 2910 839 2974 in
869 2907 939 2974 Md.
973 2909 1071 2974 fuerit
1103 2911 1188 2975 in-ao

143 3003 272 3082 ventus,
299 2997 508 3062 infelicitates
537 2998 693 3080 decernit,
722 2998 912 3082 patrimonii
940 2998 1150 3064 amissionem

232 3189 382 3243 3deorum
399 3189 446 3242 uel
464 3188 624 3243 diuinitatis
641 3196 669 3243 Η
703 3191 706 3261 l
741 3207 780 3244 aa
800 3189 940 3260 probata?
1012 3191 1149 3260 temtus,

142 3259 249 3315 corr]
302 3260 480 3329 ssfilosophos
495 3267 515 3313 Ρ
529 3260 682 3314 filosofosB
733 3260 948 3314 eimmutasou
998 3268 1030 3314 13
1046 3269 1150 3332 opp-1

144 3337 178 3385 14
197 3333 260 3399 fort.
280 3333 380 3386 eccidit
401 3331 446 3386 vel
468 3332 498 3385 in
521 3332 603 3385 domo
622 3348 673 3385 sua
745 3337 777 3385 15
801 3330 825 3384 si
842 3329 886 3401 Δί]
911 3331 960 3384 sed
1033 3339 1065 3387 16
1086 3350 1151 3388 con-

142 3401 241 3471 iunxit,
260 3420 327 3457 corr.
343 3401 373 3454 A'
393 3403 427 3470 cf.
445 3408 536 3471 119‚s
608 3408 641 3456 18
661 3401 776 3475 (idest)
794 3400 826 3454 in
843 3421 859 3440 ν
934 3407 967 3454 19
985 3405 1150 3473 praetorios,

142 3489 210 3528 corr.
230 3492 247 3527 v
281 3477 284 3542 Ι
319 3475 415 3528 adda
499 3472 671 3544 restagnat
691 3472 755 3528 Saul
772 3470 856 3542 sigw-
954 3478 979 3526 26
999 3490 1016 3526 a
1035 3477 1099 3530 add.
1119 3476 1149 3529 A'

143 3550 177 3599 at
196 3545 272 3599 Mars
292 3546 355 3600 cdd.
375 3564 392 3599 a
407 3546 411 3617 l
427 3544 574 3600 radatione
594 3549 616 3596 R
