2408 3840
505 175 557 242 15,
572 178 645 242 s-6‚
661 190 680 227 1.
1066 174 1107 237 17

98 320 181 405 legis
210 319 406 401 infunditur,
438 318 489 384 cui
514 319 685 383 descensus
712 341 771 402 per
800 319 913 383 orbem
937 317 1022 384 Solis
1049 320 1108 383 tri·

99 408 219 491 buitur,
247 430 305 492 per
328 409 440 473 orbern
463 430 539 472 vero
563 407 674 471 Lunae
697 411 910 491 praeparatur
933 409 1108 474 ascensus?

100 496 191 561 Mens
215 498 302 561 enim
325 496 383 561 illa
406 497 515 562 divina
539 496 728 581 animusque
759 496 908 561 caelestis
930 519 990 581 per
1013 515 1107 562 omne
1120 497 1164 560 10

102 587 212 651 mundi
242 607 360 669 corpus
387 586 422 648 in
454 585 586 650 modum
614 584 726 649 circuli
756 585 934 650 collocatus
962 590 996 650 et
1023 607 1109 652 nunc

72 675 304 757 sintrinseeus,
328 695 415 738 nunc
437 675 638 739 extrinsecus
661 673 788 757 positus
812 678 929 739 cuncta
950 675 1037 760 regit
1061 679 1110 741 at·

101 786 161 848 que
190 764 358 846 componit
389 767 422 827 et
448 763 599 847 propriae
634 762 769 846 originis
801 763 1009 847 generatione
1038 786 1111 829 con·
1141 816 1142 819 η

101 856 212 937 ceptus
237 852 278 915 ad
297 852 496 936 procreanda
515 855 549 915 et
567 852 788 916 conservanda
811 851 921 915 omnia
943 852 1049 937 ignita
1072 873 1109 917 ac

100 940 298 1026 sempiterna
330 941 511 1025 agitatione
542 944 752 1024 perpetuatur
783 962 842 1004 nec
874 940 936 1005 hoc
965 940 1109 1005 officium

100 1030 210 1113 aliqua
228 1028 422 1114 fatigatione
442 1029 584 1112 deponit,
601 1034 639 1092 ut
659 1050 692 1092 se
710 1027 818 1112 ipsum
837 1032 934 1112 atque
953 1031 1108 1093 mundum

58 1145 86 1185 ιο
102 1118 283 1202 omniaque,
307 1139 390 1202 quae
412 1118 501 1182 intra
523 1119 679 1182 mundum
702 1121 787 1201 sunt,
809 1122 966 1202 perpetua
989 1118 1039 1182 sui
1063 1123 1110 1182 at-

100 1229 162 1291 que
190 1205 389 1292 infatigabili
416 1206 600 1270 mobilitate
630 1209 801 1270 sustentet.
846 1205 898 1271 Ex
915 1207 978 1272 hoc
1002 1207 1108 1270 animo
1121 1208 1160 1271 11

99 1296 134 1360 hi
158 1296 347 1379 sempiterni
371 1296 541 1360 stellarum
562 1294 669 1380 ignes,
698 1295 753 1379 qui
783 1295 938 1380 globosae
961 1296 1109 1359 rotundi-

97 1384 180 1448 tatis
200 1384 305 1469 specie
324 1383 458 1448 formati
478 1384 615 1449 circulos
629 1406 705 1447 suos
725 1384 884 1466 orbesque
905 1385 1002 1448 celeri
1015 1384 1108 1448 festi-

100 1473 231 1537 natione
250 1473 432 1557 perfioinnt,
455 1473 625 1537 maiestate
645 1472 772 1536 divinae
792 1472 879 1536 illius
903 1473 1021 1536 mentis
1041 1473 1109 1536 ani-

60 1587 87 1628 15
101 1562 183 1625 mati
205 1566 331 1645 partem
354 1561 454 1625 animi
479 1561 519 1625 ad
539 1565 668 1625 terrena
692 1583 829 1644 corpora
851 1561 1052 1625 transferunt
1076 1564 1109 1625 et

102 1650 255 1731 spiritum
273 1650 396 1713 axillis
414 1650 579 1733 perpetuis
598 1650 698 1713 animi
717 1649 887 1713 fomitibus
910 1654 1109 1715 mutuantur.

101 1736 173 1801 Hac
196 1737 321 1800 ratione
344 1736 539 1801 immortalis
559 1740 684 1802 animus
703 1739 738 1801 in
756 1739 851 1802 nobis
875 1739 1028 1802 caducam
1047 1743 1109 1802 ter·
1121 1739 1161 1802 12

102 1825 172 1889 reni
195 1826 339 1908 corporis
367 1825 582 1910 fragilitatem
610 1827 805 1890 confidentia
827 1848 902 1890 suae
926 1827 1109 1891 maiestatis

102 1918 252 1999 exornat,
279 1917 317 1977 nt
340 1917 372 1977 et
395 1913 464 1998 ipse
493 1914 620 1978 auctori
643 1936 701 1978 suo
728 1915 911 1999 originique
939 1916 1110 1999 exaliqua

61 2031 88 2070 20
103 2007 195 2087 parte
221 2003 423 2086 respondeat,
447 2003 502 2086 qui
526 2002 660 2066 diffusus
683 2026 742 2087 per
764 2010 896 2069 cunctas
921 2004 1110 2088 animantes,

103 2114 184 2176 qnae
213 2095 342 2155 terrena
370 2091 580 2175 conceptione
604 2091 796 2176 gignuntur,
824 2093 917 2174 facit,
940 2097 977 2156 ut
1000 2093 1109 2158 divino

102 2179 264 2244 animatae
288 2180 433 2244 fomento
456 2185 614 2264 perpetua
633 2180 852 2265 generationis
875 2183 1110 2266 propagatione

102 2269 274 2333 vivescant.
308 2269 414 2344 Quare
433 2290 519 2333 nunc
538 2290 611 2334 cum
630 2269 733 2333 simus
753 2292 825 2334 cum
845 2271 949 2334 stellis
970 2271 1110 2353 quadam

101 2358 296 2442 cognatione
311 2358 485 2442 coniuncti,
498 2380 564 2422 non
580 2358 732 2422 debemus
748 2380 802 2423 eas
818 2358 984 2444 sacrilegis
1000 2360 1111 2443 dispu-

58 2474 86 2514 25
100 2447 280 2510 tationibus
303 2445 445 2530 propriis
469 2447 597 2530 privare
615 2447 845 2532 potestatibus,
869 2470 1005 2531 quarum
1029 2449 1109 2513 coti·

101 2535 205 2600 dianis
229 2535 376 2601 cursibus
401 2539 433 2599 et
456 2535 635 2599 formamur
656 2536 779 2621 pariter
803 2542 836 2600 et
859 2559 1015 2601 creamur.

579 2713 636 2778 Vl.

190 2818 293 2902 Unde,
317 2820 402 2902 qnod
425 2824 461 2883 tu
484 2842 542 2903 per
560 2843 619 2884 nos
643 2820 714 2884 fieri
732 2841 828 2903 posse
848 2820 972 2905 definis,
993 2826 1031 2884 ut
1053 2820 1139 2885 bol

100 2909 205 2973 mines
230 2930 249 2971 a
272 2908 361 2972 cultu
386 2909 519 2973 deorum
541 2909 800 2994 religionumque
829 2909 966 2992 profano
990 2912 1109 2973 mentis
1193 2943 1195 2946 ·

192 3088 205 3135 1
225 3084 259 3149 cf.
280 3084 362 3137 Kroll
379 3084 411 3136 de
430 3100 467 3136 or.
487 3083 575 3137 chald.
590 3086 634 3137 47.
654 3087 690 3136 59
760 3085 873 3136 4et-5
892 3083 1000 3151 positus
1019 3099 1068 3136 ora.
1083 3088 1111 3134 Μ

101 3159 117 3207 6
137 3152 262 3222 disponit
280 3157 309 3208 et
327 3152 469 3223 componit
487 3158 508 3212 Q
581 3159 595 3206 7
616 3155 645 3207 et
663 3160 726 3208 aare
740 3153 776 3206 ad
790 3158 889 3207 erusv
906 3156 909 3223 Ι
925 3154 1109 3222 procuranda,

100 3241 169 3279 corr.
193 3243 211 3276 v
318 3231 334 3278 8
357 3226 540 3294 perpetuatur
567 3226 710 3295 Ne'methp]
738 3228 874 3294 perpetua
901 3226 1061 3294 (perpetuat
1082 3228 1110 3293 v)

101 3295 229 3365 9ipsum
248 3299 332 3364 atque
346 3295 470 3365 ipsumV
526 3301 558 3348 12
577 3295 653 3354 hiis
672 3295 738 3348 biv
793 3301 826 3348 14
846 3295 978 3369 animatq,
997 3312 1064 3349 corr.
1079 3295 1109 3349 A'

103 3389 136 3437 16
156 3383 300 3439 fomitibus
319 3372 446 3444 affl
549 3389 581 3437 17
600 3382 756 3437 inmortalis
776 3389 797 3443 Q
901 3390 933 3436 19
953 3384 1072 3438 adornat
1090 3390 1106 3443 t

101 3461 136 3507 22
155 3458 298 3530 perpetua,
318 3473 385 3510 corr.
400 3454 429 3508 A'
495 3461 528 3509 26
547 3455 880 3509 formantur-creantur
894 3459 949 3506 MV
1005 3461 1037 3510 28
1057 3455 1097 3508 dil

101 3525 165 3579 finis
184 3531 258 3585 ΗΠ
330 3533 364 3579 29
382 3526 528 3596 prophano
546 3531 569 3578 V

155 3625 282 3678 Furnium,
297 3627 332 3667 cd.
345 3625 430 3668 Kroll
443 3629 466 3668 st
480 3626 614 3668 Skutsch.
639 3627 659 3666 1.
936 3623 951 3670 2
