2408 3840
122 159 185 222 170
557 157 695 212 FIRMICI

87 307 109 370 8
208 303 248 367 In
271 308 385 368 octauo
409 304 482 367 loco
507 304 547 366 ab
570 303 754 387 horoscopo
776 301 958 368 Mercurius
983 327 1060 369 eum
1080 305 1130 370 Sa·

121 398 217 457 turno
236 393 359 476 pariter
378 392 576 479 constitutus
596 413 751 475 processu
764 391 921 476 temporis
938 394 1130 476 patrimonii

120 486 153 546 et
170 481 303 545 honoris
324 485 499 567 augmenta
519 481 676 565 decernit3
700 480 757 545 alii
774 503 850 545 vero
868 482 986 546 mortis
1007 484 1130 548 alienae

120 592 217 634 causa
231 570 429 654 patrimonia
449 573 674 654 consecuntur,
692 569 837 635 valitudo
857 574 967 635 tamen
987 571 1131 636 illiserit

119 663 176 722 aut
200 660 238 724 de
261 660 385 724 vesicae
410 659 533 723 calculo
557 663 614 723 aut
638 659 675 723 de
699 658 821 722 ventris
845 659 936 724 vitio.
971 659 1038 724 Per
1058 683 1129 726 noc·
1153 684 1161 723 5

118 752 187 813 tem
210 771 286 813 vero
310 750 344 812 in
366 747 429 812 hoc
451 749 524 812 loco
546 749 670 831 pariter
690 747 862 811 constituti
880 770 1041 832 pauperes
1060 773 1130 833 pro-

120 838 259 921 scriptos
292 837 464 922 languidos
499 840 555 900 aut
587 837 760 921 ruginosos
792 836 913 900 facient
945 841 979 901 et
1011 839 1129 922 quibus

118 926 271 990 humores
291 974 390 990 .....
407 925 529 989 facient
551 948 589 989 ex
608 927 726 989 damno
745 926 967 1010 depereuntes‚
991 927 1020 990 si
1039 927 1130 992 Luna

119 1015 246 1077 minuta
269 1014 390 1077 lumine
419 1015 459 1077 ad
483 1012 659 1078 Saturnum
688 1013 813 1078 feratur
840 1018 896 1078 aut
926 1015 966 1078 ad
989 1014 1129 1081 Martem

96 1102 222 1184 'plena
323 1155 329 1182 ,
1142 1127 1161 1166 ιο

86 1193 108 1256 9
207 1189 246 1253 In
272 1212 358 1255 nono
386 1190 458 1255 loco
488 1192 528 1254 ab
555 1191 737 1274 horoscopo
760 1190 941 1257 Mercurius
969 1214 1045 1257 cum
1075 1192 1130 1259 Sa-

119 1282 216 1343 turno
239 1280 363 1363 pariter
386 1280 583 1344 constitutus
607 1279 784 1363 prophetas
810 1286 865 1345 aut
888 1281 1063 1347 vestitores
1085 1283 1129 1346 di-

119 1368 270 1432 vinorum
298 1369 546 1433 simulacrorum
574 1372 630 1433 aut
657 1368 784 1435 baiulos
817 1369 999 1434 divinarum
1032 1371 1129 1436 caeri-

118 1457 301 1521 moniarum
323 1457 428 1522 faciet.

66 1547 109 1610 10
206 1545 246 1609 In
269 1547 393 1611 decimo
416 1548 488 1612 loco
513 1547 554 1610 ab
576 1546 760 1630 horoscopo
779 1544 959 1611 Mercurius
980 1570 1056 1612 cum
1076 1546 1129 1613 Sa·
1142 1570 1162 1610 15

119 1638 216 1699 turno
248 1637 371 1719 pariter
404 1636 616 1718 constitutuS,
647 1635 732 1699 idest
763 1636 799 1699 in
831 1634 915 1718 Md,
947 1636 1129 1702 alienorum

117 1723 392 1806 patrimoniorum
414 1724 548 1789 heredes
576 1724 674 1790 faciet
701 1728 758 1788 aut
781 1725 996 1788 maximarum
1019 1747 1129 1790 rerum

118 1812 311 1877 inventores.
357 1813 466 1878 Erunt
492 1814 656 1878 interdum
684 1813 809 1877 scribae
837 1817 894 1877 aut
917 1818 1044 1878 actores
1074 1820 1130 1879 aut

118 1902 335 1966 maximorum
357 1903 503 1967 virorum
530 1905 766 1986 procuratores.
813 1899 875 1966 Sed
902 1903 973 1986 <si>
1001 1903 1048 1967 sic
1074 1927 1128 1969 eos

117 1991 244 2072 positos
266 1991 458 2074 (benivola)
482 1992 578 2055 stella
600 1991 726 2075 viderit,
751 1990 858 2055 divino
877 1991 1008 2076 ingenio
1028 1991 1128 2057 faciet
1141 2016 1164 2055 00

119 2084 265 2144 oratores
289 2080 339 2144 vel
365 2081 581 2145 oratoriarum
605 2081 725 2144 artium
749 2079 923 2164 magistros
947 2083 1003 2144 aut
1023 2102 1129 2166 gram-

118 2169 255 2233 maticos
280 2173 337 2233 aut
364 2169 415 2233 his
445 2170 595 2234 omnibus
623 2169 796 2252 potestatis
825 2168 961 2233 alicuius
990 2171 1128 2234 auctori-

118 2258 186 2319 tate
201 2258 405 2342 praepositos
420 2262 477 2322 aut
491 2258 667 2344 magistros
683 2257 865 2321 studiorum
880 2261 937 2321 aut
948 2258 1128 2343 magistros

118 2347 318 2409 censualium
337 2396 344 2409 .
360 2397 366 2410 .
382 2397 410 2411 ..
430 2346 585 2411 caelestes
613 2368 664 2410 res
693 2347 844 2430 scrutari3
872 2345 928 2410 alii
955 2351 1128 2431 computos

117 2438 277 2518 exercent,
299 2434 356 2498 alii
380 2435 562 2498 difficilium
585 2435 770 2498 litterarum
788 2439 846 2498 aut
863 2435 1051 2500 inventores
1070 2442 1129 2501 aut
1143 2460 1167 2500 25

118 2521 268 2606 magistri
292 2526 395 2586 erunt.

66 2612 124 2673 11-
206 2608 246 2674 In
273 2610 442 2674 undecimo
470 2611 542 2675 loco
566 2610 736 2696 geniturae
761 2609 920 2676 Saturnus
947 2616 980 2676 et
1003 2611 1130 2678 Mercu·

117 2699 184 2763 rius
209 2701 249 2763 ab
273 2699 454 2783 horoscopo
482 2700 605 2784 pariter
633 2700 806 2764 constituti
832 2700 912 2765 haec
940 2700 1128 2787 decernunt,

118 2811 199 2872 quae
224 2789 300 2852 illos
323 2789 358 2852 in
382 2788 497 2872 quinto
520 2790 593 2854 loco
618 2789 787 2852 decernere
812 2789 960 2853 diximus.

66 2881 107 2943 12
205 2878 244 2941 Iu
268 2878 456 2943 duodecimo
479 2878 552 2943 loco
576 2878 744 2964 geniturae
762 2877 943 2943 Mercurius
963 2883 996 2943 et
1016 2877 1128 2944 Satur·
1142 2906 1167 2944 ao

207 3025 221 3071 1
243 3019 308 3072 -vn-
327 3023 350 3070 V
368 3034 435 3072 0000.
455 3037 489 3072 m.
508 3035 559 3072 rec.
636 3023 651 3069 2
671 3016 827 3086 constituti,
845 3034 911 3072 corr.
930 3036 949 3069 v
1025 3024 1040 3070 5
1061 3035 1127 3072 cau-

117 3090 180 3144 culo
199 3096 278 3143 MPR
304 3092 307 3160 1
332 3088 405 3142 uitia
422 3095 458 3141 1²²
542 3094 558 3142 8
578 3089 627 3143 loc.
647 3096 708 3144 0101.
728 3089 793 3144 Sitti
816 3092 820 3160 Ι
844 3089 1037 3158 nepereuntes,
1056 3106 1125 3144 0000.

117 3161 183 3216 Saul
201 3178 234 3214 ex
253 3159 402 3215 abdomine
419 3161 589 3229 prodeuntes
604 3161 757 3214 Mommsen
829 3165 861 3213 15
881 3159 986 3229 pariter
1004 3177 1069 3213 oum
1083 3178 1127 3215 sa-

117 3235 199 3286 turno
214 3238 234 3285 P
298 3238 331 3285 19
346 3231 370 3284 si
384 3233 447 3285 add.
463 3231 492 3284 A‘
511 3233 514 3302 Ι
531 3230 571 3285 sic
585 3231 678 3300 posita
693 3230 775 3285 stella
789 3230 813 3284 si
827 3247 874 3285 eos
888 3236 911 3283 V
970 3235 1003 3284 20
1022 3232 1125 3302 posita,

116 3320 184 3357 corr.
200 3303 229 3355 A'
248 3305 251 3373 1
267 3302 398 3357 benivola
412 3305 475 3357 odd.
491 3320 507 3355 σ
567 3309 600 3355 22
615 3301 775 3356 hominibus
791 3303 943 3356 Mommsen
958 3304 962 3371 Ι
978 3303 1127 3371 potestati-

115 3373 178 3442 bus,
197 3392 264 3428 corr.
284 3376 348 3429 Sitti
419 3380 453 3427 24
472 3373 597 3427 censuali
616 3375 727 3443 (00011.
741 3391 765 3427 0.
780 3379 849 3442 spot.
864 3376 882 3425 3
900 3373 950 3427 1111.
965 3377 1006 3442 V),
1025 3390 1095 3428 0000.
1109 3396 1127 3429 u

118 3443 123 3514 Ι
142 3444 679 3516 0001001101000101011110000.100001.
695 3448 713 3497 3
732 3445 782 3500 1111.
797 3447 838 3512 V),
857 3458 924 3497 corr.
940 3464 957 3497 a
1030 3450 1063 3499 25
1083 3445 1126 3498 di-

115 3513 231 3567 ficilium
249 3521 272 3566 B
344 3523 377 3569 27
396 3532 479 3570 merc.
498 3519 527 3570 et
540 3518 649 3569 uatum.
669 3521 696 3567 Η
