2416 3840
136 151 201 214 174
568 148 706 203 FIRMICI

135 318 229 362 cassu
251 297 409 380 temporis
429 294 636 360 mediocriter
655 294 858 358 substantiae
876 294 1078 359 incrementa
1097 297 1151 360 de·

136 389 280 450 cernunt.
328 383 362 448 si
385 406 461 448 vero
485 388 694 468 pernoctem
718 383 753 446 in
774 384 837 446 hoc
859 383 930 447 loco
954 383 1078 448 fuerint
1101 384 1150 450 in·

135 474 233 557 venti,
258 477 315 537 aut
337 473 507 541 inveniunt
531 472 667 555 aliquid,
695 471 778 535 unde
801 471 944 536 habeant
967 472 1150 538 maximum

134 563 221 627 vitae
245 563 439 646 subsidium,
468 566 525 625 aut
552 561 714 625 hereditas
743 560 809 624 illis
833 582 899 624 non
922 562 1050 626 modica
1074 584 1151 626 con·

134 652 270 733 feretur,
307 656 341 715 et
372 672 527 735 processu
559 649 716 733 temporis
749 649 899 713 maximis
932 650 1188 718 felicitatibuss

136 740 360 824 sublevantum
387 739 524 803 vitiosos
552 743 662 802 tamen
685 760 820 821 corpore
844 743 877 802 et
904 739 1077 823 languidos
1103 739 1150 804 fa-

135 829 229 894 cient.

83 920 122 982 11
222 917 262 982 In
294 938 380 981 nono
412 917 483 982 loco
516 915 697 981 Mercurius
730 920 763 979 et
793 915 941 999 Iuppiter
973 915 1149 981 constituti

134 1007 214 1070 haec
238 1007 423 1090 decernunt,
450 1027 531 1089 quae
554 1004 711 1069 intortio
735 1004 807 1068 loco
832 1005 1001 1089 geniturae
1025 1005 1150 1069 consti-

135 1095 199 1160 tuti
223 1094 441 1158 decreverunt.
1162 1121 1188 1160 ro

84 1187 124 1248 12
223 1182 263 1246 In
286 1183 410 1247 decimo
437 1183 510 1246 loco
534 1183 575 1245 ab
603 1180 785 1264 horoscopo
809 1180 988 1246 Mercurius
1017 1186 1052 1245 et
1072 1181 1149 1267 Iup

136 1272 222 1354 piter
253 1292 390 1356 magnos
423 1276 515 1336 actus
548 1274 581 1334 et
613 1291 749 1354 magnas
781 1270 1080 1335 administrationes
1114 1275 1149 1336 et

136 1382 271 1445 magnas
296 1361 471 1425 decernunt
498 1362 680 1443 potestates
708 1381 768 1442 pro
792 1381 943 1423 mensura
967 1361 1148 1445 geniturae.

86 1453 126 1516 13
224 1448 264 1513 In
300 1449 470 1513 undecimo
502 1448 574 1512 loco
612 1448 652 1512 ab
684 1447 867 1532 horoscopo
899 1447 1081 1513 Mercurius
1115 1453 1148 1514 et

136 1537 284 1621 luppiter
306 1538 469 1621 partiliter
492 1536 663 1601 constituti
686 1537 766 1600 haec
785 1537 969 1622 decernunt,
993 1559 1075 1620 quae
1095 1538 1148 1604 dc·
1161 1564 1186 1604 ra

136 1648 265 1692 cernere
288 1626 363 1690 illos
386 1628 419 1690 in
444 1625 558 1709 quinto
582 1626 721 1689 diximus
744 1625 825 1689 loco.

85 1719 126 1781 14
224 1715 263 1778 In
295 1716 484 1780 duodecimo
517 1715 589 1780 loco
621 1715 661 1778 ab
691 1714 873 1797 horoscopo
901 1713 1083 1779 Mercurius
1114 1720 1148 1780 et

135 1804 284 1887 Iuppiter
315 1804 438 1888 pariter
470 1803 655 1887 constituti,
689 1803 717 1867 si
749 1802 929 1867 Mercurius
963 1805 1145 1868 matutinus

137 1893 292 1978 extiterit,
314 1892 413 1958 faciet
436 1892 559 1956 scribas
583 1893 670 1977 regis
695 1895 751 1955 aut
770 1896 902 1955 senatus
922 1896 979 1955 aut
997 1894 1145 1958 notarios

136 1985 323 2066 exceptores
354 1982 551 2066 principum,
584 1984 640 2045 aut
671 1980 771 2064 <qui>
804 1980 953 2045 civitates
986 1981 1145 2047 maximas
1159 2009 1185 2048 ao

135 2075 301 2156 tueantur,
331 2072 387 2135 sed
417 2071 473 2153 qui
501 2091 617 2154 magne
645 2074 678 2134 et
705 2070 892 2152 frequenter
919 2069 1085 2134 offendant
1113 2074 1146 2135 et

137 2160 241 2243 quiin
254 2160 431 2224 novissimo
450 2160 536 2223 vitae
554 2163 700 2242 tempore
719 2158 922 2223 infelicitatis
941 2180 1038 2222 onere
1056 2181 1147 2243 prae·

124 2253 313 2333 graventur
336 2253 393 2312 aut
417 2248 473 2331 qui
495 2247 688 2312 biothanata
711 2251 816 2311 morte
840 2247 1024 2332 depereant,
1047 2248 1076 2312 si
1100 2249 1145 2313 sic

136 2337 237 2419 positi
260 2337 295 2400 in
316 2342 476 2401 nocturna
503 2335 625 2400 fuerint
654 2336 811 2420 genitura.
857 2334 896 2399 In
919 2336 1036 2400 diurna
1059 2337 1146 2402 enim

137 2424 287 2509 genitura
319 2426 638 2508 quantulumcunque
670 2425 704 2487 in
731 2424 783 2488 his
813 2422 940 2488 actibus
969 2430 1002 2489 et
1029 2425 1065 2489 in
1093 2426 1145 2491 his
1159 2452 1184 2495 aa

137 2513 253 2577 officiis
278 2518 484 2596 perseverant
507 2517 539 2576 et
561 2534 627 2576 non
649 2512 836 2595 frequenter
855 2512 1029 2578 offendunt.
1067 2512 1146 2580 Ves-

136 2602 283 2686 pertinus
308 2602 441 2666 veroin
467 2601 625 2666 hocloco
653 2623 726 2664 cum
749 2599 826 2665 Iove
854 2601 1052 2667 constitutus
1080 2606 1147 2668 tar·

137 2691 243 2755 diores
267 2696 359 2755 actus
387 2695 420 2754 et
447 2690 617 2755 sinistrum
643 2689 749 2754 fatum
777 2689 881 2773 dabit,
909 2690 1040 2774 quidam
1067 2714 1146 2757 vero

135 2779 346 2864 popularibus
370 2779 497 2844 actibus
521 2783 577 2843 aut
601 2779 772 2844 laboriosis
795 2777 1061 2863 implicabuntur.

225 2979 240 3026 1
259 2974 322 3040 fort.
337 2971 489 3026 mediocria
552 2977 585 3026 13
604 2971 736 3040 decernit,
755 2988 822 3026 corr.
837 2970 867 3024 A'
941 2977 974 3026 15
993 2972 1101 3041 pariter
1119 2979 1146 3026 Ι

138 3051 169 3099 18
189 3044 296 3115 pariter
313 3044 452 3114 pariter?
514 3048 547 3096 19
566 3060 654 3113 reges,
673 3061 741 3098 corr.
757 3043 786 3095 A‘
843 3049 877 3096 20
896 3042 960 3097 add.
975 3063 992 3096 κ
1048 3049 1080 3098 21
1101 3047 1147 3098 tu-

136 3122 536 3259 {pturtPRPpos'als—tucntes
559 3135 562 3204 Ι
586 3150 624 3186 aa
646 3132 787 3202 maligne?
866 3137 900 3185 26
923 3136 1106 3201 perseuerent
1123 3139 1146 3186 V

190 3221 222 3259 ac
236 3223 269 3258 us
