2416 3840
521 166 700 237 IV24,1-9.
1052 167 1116 233 275

106 317 163 378 aut
192 335 210 376 a
237 312 427 396 parentibus
456 316 635 396 separatos3
670 313 725 377 sed
752 312 831 378 haec
858 335 918 397 pro
948 313 1116 398 signorum

105 424 142 468 ac
166 402 309 484 partium
334 399 491 484 qualitate
515 400 667 465 decernit.

196 488 231 555 Si
255 489 348 554 Luna
371 511 444 555 cum
468 488 544 553 Iove
568 488 666 553 fuerit
688 490 852 574 partiliter
874 489 909 555 in
932 489 1113 575 horoscopo
1139 489 1159 556 5

106 579 302 661 constituta,
331 581 468 642 matrem
493 577 572 643 facit
599 578 768 662 splendido
793 600 908 665 genere
931 579 1115 645 nobilitatis

79 671 272 750 comatam,
310 666 399 751 ipsos
437 688 512 731 vero
550 666 721 751 religiosos
754 672 787 732 et
819 667 966 750 quolibet
999 689 1115 754 genera

105 757 292 822 futurorum
319 755 497 838 praescios3
525 759 621 819 erunt
649 777 725 820 sane
749 756 828 821 olari
851 757 977 821 nobiles
1001 761 1034 821 et
1057 779 1115 842 po-

105 850 223 910 tentes.
268 843 340 908 Hoc
363 842 448 908 idem
472 847 505 907 et
528 841 563 907 in
585 842 656 910 Mc.
681 849 772 927 parte
801 866 874 909 curn
896 844 973 910 Iove
997 845 1115 911 consti·

104 938 178 999 tuta
206 932 356 998 decernit.
402 932 441 996 ln
470 953 586 997 occasu
615 954 706 1016 vero,
733 933 818 998 idest
844 933 879 998 in
906 933 1045 1019 septimo
1073 934 1114 999 ab
1139 935 1159 999 6

104 1023 287 1104 horoscopo
311 1021 397 1106 loco,
427 1043 500 1085 cum
524 1020 600 1085 Iove
628 1022 792 1105 partiliter
819 1021 998 1087 constituta
1026 1027 1059 1089 et
1081 1023 1115 1087 in

64 1138 91 1177 ιο
105 1109 195 1176 1Μο.
223 1115 376 1194 paternas
405 1109 597 1192 dilapidabit
624 1110 812 1193 facultates,
842 1112 898 1176 sed
920 1115 1035 1195 postea
1058 1116 1115 1177 aut

105 1199 285 1264 amicorum
324 1197 485 1282 praesidio
523 1203 579 1262 aut
616 1221 655 1263 ex
687 1200 842 1265 adfinium
877 1200 1114 1266 hereditatibus

104 1288 264 1352 maximas
288 1293 524 1370 consequentur
548 1288 750 1352 substantiae
769 1288 952 1354 facultates.
999 1288 1061 1355 Sed
1080 1290 1114 1354 in

104 1376 257 1442 omnibus
280 1375 484 1461 (genituris)
508 1376 651 1458 partium
681 1399 718 1441 ac
746 1377 892 1441 locorum
916 1382 1114 1460 potestatem

105 1465 203 1530 debes
236 1465 320 1530 sicut
344 1464 482 1529 diximus
506 1463 700 1548 frequenter,
722 1465 891 1549 inspicere.

64 1580 90 1620 15
195 1515 229 1618 di
249 1552 341 1618 Luna
364 1575 436 1616 cum
455 1552 560 1617 Marte
579 1553 614 1617 in
631 1554 813 1638 horoscopo
831 1554 996 1638 partiliter
1014 1555 1113 1621 fucrit
1138 1557 1155 1619 7

104 1642 251 1725 inventa,
281 1642 488 1727 peregrinam
521 1646 659 1706 matrem
691 1646 748 1706 aut
775 1643 914 1707 debilem
943 1649 1113 1722 monstrat,

103 1731 158 1796 sed
181 1731 326 1814 ipsorum
350 1734 406 1795 aut
430 1730 514 1795 oculi
538 1731 749 1795 debilitantur
769 1736 826 1795 aut
845 1732 1043 1797 stomachus.
1076 1731 1111 1798 si

102 1840 179 1884 vero
208 1819 308 1884 fuerit
336 1819 450 1883 diurna
478 1818 641 1905 genitura,
669 1824 740 1884 toto
769 1842 903 1904 corpore
928 1821 1113 1887 debilitabit

104 1911 151 1989 [et
175 1908 296 1973 debiles
320 1908 438 1988 reddit]
463 1912 520 1972 aut
540 1912 667 1992 partem
687 1913 835 1993 amputat
855 1910 1008 1994 corporis.
1039 1910 1111 1975 Hoc

60 2023 88 2062 ao
102 1996 187 2061 idem
211 2000 244 2062 et
267 1997 301 2060 in
320 1994 390 2060 ΜΟ.
414 2002 506 2080 parta
516 2047 610 2060 .....
655 1997 694 2061 In
719 2020 834 2063 occasu
858 2020 943 2080 vero,
967 1999 1053 2064 idest
1076 2000 1110 2064 in

104 2084 176 2152 Vll.
203 2086 243 2150 ab
271 2085 453 2168 horoscopo
482 2084 568 2170 loco,
595 2087 647 2150 vel
676 2086 703 2150 si
730 2088 764 2151 in
792 2084 878 2151 IMO.
903 2109 976 2151 cum
1005 2087 1111 2153 Marte

103 2172 202 2237 fuerit
215 2174 354 2255 inventa,
373 2173 592 2258 relinquentes
607 2174 748 2259 patriam
762 2174 796 2239 in
810 2175 990 2260 peregrinis
1005 2177 1109 2263 regio-

102 2261 199 2326 nibus
213 2266 463 2328 commorantur.
488 2261 523 2327 Si
537 2285 613 2328 vero
629 2263 808 2328 Mercurius
823 2286 896 2327 cum
910 2264 990 2348 ipsis
1009 2264 1108 2331 fuerit
1132 2265 1152 2330 8

102 2351 261 2432 inventus,
284 2351 381 2415 faciet
400 2351 542 2416 latrones
562 2352 685 2436 piratas
704 2351 893 2435 homicidas,
915 2354 1109 2437 spoliatores

60 2465 87 2505 25
102 2440 311 2524 templorum,
336 2438 510 2525 sacrilegos
535 2445 567 2505 et
591 2441 647 2524 qui
670 2441 744 2505 falsi
768 2442 891 2506 crimen
914 2464 1042 2527 semper
1064 2445 1111 2509 in·

101 2532 233 2593 currant
262 2532 295 2592 et
323 2529 379 2612 qui
406 2532 541 2613 propter
567 2528 646 2594 haec
675 2529 784 2594 omnia
818 2530 953 2595 crimina
979 2533 1111 2615 publica

101 2617 377 2682 animadversione
392 2618 592 2701 plectantur3
612 2619 668 2683 sed
688 2618 806 2703 omnia,
825 2619 908 2685 sicut
923 2619 1111 2705 frequenter

101 2705 250 2790 diximus,
273 2727 333 2789 pro
358 2706 525 2792 signorum
549 2707 707 2791 qualitate
727 2708 950 2774 decernuntur.
993 2708 1107 2774 Sedet
1131 2711 1151 2773 9

189 2884 204 2930 2
224 2881 310 2932 autA
373 2879 492 2933 3fue1it
511 2887 573 2934 oute
593 2880 780 2935 constitutaB
798 2889 894 2951 poatE
914 2900 963 2937 om.
981 2890 1025 2936 01)
1044 2885 1107 2950 fort.

99 2955 167 3003 recte
180 2956 211 3004 ut
224 2951 367 3005 delendum
384 2953 420 3006 eit
439 2950 462 3003 si
521 2958 537 3005 6
557 2953 597 3023 et]
617 2969 650 3005 ac
663 2958 711 3004 AB
772 2959 786 3006 7
806 2953 877 3024 Mu]
896 2961 1012 3007 merce
1037 2972 1107 3008 mer-

99 3017 170 3072 curii
184 3020 245 3073 D¹E
311 3026 344 3074 10
362 3021 400 3075 im
419 3020 500 3092 (mir)
518 3038 600 3076 merc.
617 3030 634 3075 0
653 3022 682 3076 in
696 3022 752 3077 imo
768 3023 821 3077 celi
835 3031 883 3076 DE
901 3027 904 3095 l
921 3023 1071 3094 dissipabit
1085 3033 1108 3080 Δ

98 3090 240 3160 dilapidat
254 3098 301 3145 ΕΕ
318 3093 322 3164 l
339 3095 390 3147 aut
408 3110 457 3147 om.
473 3098 520 3145 ΔΒ
582 3099 614 3146 12
629 3097 814 3162 consequetur
832 3100 852 3146 B
909 3102 940 3149 13
961 3098 1024 3151 odd.
1044 3097 1109 3152 siut

99 3168 131 3215 15
151 3161 292 3231 partiliter
310 3162 339 3217 in
358 3164 511 3233 horoscopo
525 3171 573 3217 DE
629 3170 661 3218 18
682 3164 845 3219 debilitabit
858 3168 891 3238 Ε]
911 3166 1108 3221 debilitabitur

100 3239 132 3287 19
152 3235 202 3288 del.
223 3234 286 3290 stul
305 3235 372 3303 (aim.
393 3238 420 3304 a)
445 3236 449 3305 1
471 3235 572 3288 reddat
590 3235 625 3287 1)1
652 3236 791 3290 reddetr
881 3245 915 3291 20
935 3239 974 3318 et]
994 3256 1042 3294 om.
1058 3245 1106 3292 ΔΒ

98 3304 168 3358 facit
187 3303 209 3358 si
228 3312 249 3358 Ε
266 3307 270 3376 Ι
286 3321 368 3359 mero.
385 3311 422 3372 0!
442 3307 531 3374 suppl.
551 3304 637 3360 fuerit
655 3307 716 3358 1³¹2
744 3306 813 3361 facit
831 3307 866 3359 1³²
895 3308 1036 3378 significat
1054 3317 1071 3362 c

99 3381 130 3428 21
151 3375 180 3429 in
198 3383 314 3430 marco
395 3381 429 3430 23
450 3394 512 3430 curn
530 3376 599 3446 ipsis
617 3376 770 3431 mercurius
789 3384 836 3431 ΕΕ
919 3386 952 3434 24
971 3380 1040 3434 facit
1058 3387 1107 3433 DE

98 3451 131 3499 25
151 3447 332 3502 incurruntc
397 3453 430 3501 26
450 3447 543 3502 omnia
561 3449 615 3502 uid.
636 3449 774 3517 irrepsisse
792 3465 805 3503 e
824 3450 840 3504 l.
860 3455 898 3505 27
962 3458 995 3504 28
1015 3468 1105 3521 per-

99 3517 265 3584 qualitatem
284 3524 356 3571 ABc
372 3521 376 3588 Ι
393 3522 552 3589 cernuntur,
571 3535 638 3574 corr.
653 3519 718 3574 Saul

895 3610 945 3663 18*
