2416 3840
135 169 178 234 82
505 160 508 166 ’
571 167 709 223 FIRMIOI

134 315 352 380 intentionem
366 335 458 377 suam
472 313 513 376 ad
527 313 739 378 antisciorum
752 313 914 378 rationem
927 316 1145 382 transtulerit.

83 407 124 470 12
134 401 315 468 Meministi
329 403 448 466 dixisse
462 422 532 482 nos,
546 401 632 485 quod
646 401 756 467 Pisces
771 401 944 468 antiscium
958 403 993 468 in
1006 404 1141 471 Libram

133 493 269 556 mittant
292 495 326 556 et
344 489 443 556 Libra
464 511 576 555 rursus
599 490 634 554 in
651 488 770 555 Pisces.
810 489 867 556 Sol
885 492 995 576 itaque
1015 499 1049 558 et
1068 492 1142 579 lup-

132 581 218 668 piter
245 581 280 645 in
303 578 453 644 Piscibus
480 578 603 663 pariter
630 578 816 665 constituti,
843 578 877 644 in
903 580 1038 646 Libram
1065 584 1140 648 mit

132 674 238 736 tentes
267 667 452 747 antianum,
483 666 518 732 in
546 667 610 733 hoe
642 668 752 754 signo,
781 668 817 732 in
848 691 912 753 qno
945 670 1140 736 humiliatur
1167 700 1181 740 s

132 763 229 843 atque
257 758 406 840 deicitur,
438 760 472 820 et
498 756 533 820 in
560 755 633 820 XII.
661 757 734 821 loco
761 757 930 842 geniturae
961 759 994 824 id
1021 765 1072 825 est
1104 761 1140 827 in

113 849 375 930 cacodaemone,
393 849 566 930 paternum
581 865 682 931 genus
702 846 845 910 ostendit
857 847 1001 932 ignobile
1021 855 1054 913 et
1072 849 1138 934 ipsi

130 936 217 1020 patri
240 936 402 1001 famosum
426 934 569 998 decernit
592 934 737 1020 exilium3
763 933 912 1019 luppiter
933 958 1021 1020 vero,
1044 937 1138 1003 cuius

129 1026 196 1090 rim
224 1047 261 1090 ac
288 1027 488 1108 potestatem
517 1022 647 1088 antiscii
673 1024 783 1088 radius
810 1046 850 1088 ex
873 1025 968 1110 signo
991 1025 1138 1093 Piscium

129 1114 170 1178 ad
191 1112 309 1178 Librae
337 1111 506 1177 transtulit
532 1110 676 1198 signum,
704 1112 739 1176 in
766 1111 840 1176 XII.
863 1114 936 1179 loco
963 1114 996 1178 id
1023 1119 1074 1179 est
1101 1116 1179 1184 inio

129 1203 361 1267 cacodaemone
380 1223 437 1286 per
456 1200 628 1266 antiscium
649 1200 792 1282 [fuisset]
814 1202 1012 1268 constitutus
1034 1204 1137 1289 pluri-

128 1313 200 1356 mos
227 1294 260 1355 et
287 1290 351 1375 ipsi
378 1294 412 1354 et
438 1290 525 1373 patri
553 1289 621 1354 eius
654 1288 808 1361 excitavit
839 1290 988 1356 inimicos
1016 1296 1050 1357 et
1078 1315 1136 1360 eos

76 1380 118 1446 13
129 1379 312 1464 superiores
331 1401 400 1444 esse
418 1378 563 1463 perfecit.
598 1378 683 1443 Ecce
703 1379 803 1442 etiam
821 1378 917 1462 aliud,
941 1380 1028 1464 quod
1045 1383 1136 1467 patri

127 1467 270 1534 decrevit
288 1468 432 1533 exilium:
454 1490 530 1531 nam
549 1467 584 1530 in
600 1466 736 1553 Virgine
755 1468 953 1532 constitutus
973 1466 1135 1536 Saturnus

127 1556 237 1624 Solem
264 1557 303 1622 de
327 1557 485 1621 diametro
513 1555 593 1620 vidit
621 1559 655 1619 et
678 1556 851 1620 antiscium
876 1557 945 1622 eius
975 1557 1042 1643 [de]
1067 1560 1134 1624 dia-
1147 1586 1175 1628 ιι

126 1650 232 1711 metra
254 1644 435 1711 radiatione
454 1645 609 1728 respexit3
632 1666 709 1709 nam
727 1645 761 1708 in
776 1643 912 1730 Virgine
932 1649 1134 1715 constitutus

68 1755 73 1766 ·
126 1735 301 1799 antiscium
327 1735 362 1798 in
389 1732 536 1798 Arietem
564 1732 663 1798 misit.
708 1730 895 1798 Antiscium
923 1735 1033 1819 itaque
1062 1739 1134 1803 eins

125 1824 158 1888 in
181 1824 294 1888 Ariete
317 1824 533 1888 constitutum
556 1820 633 1904 <et>
658 1819 743 1886 Solis
773 1823 959 1908 antianum,
987 1825 1076 1908 quod
1098 1826 1134 1891 in

124 1911 258 1978 Libram
279 1911 386 1976 fuerat
410 1911 556 1996 missum,
577 1933 634 1994 per
653 1910 848 1976 diametrum
868 1911 931 1977 sibi
949 1912 1037 1977 facta
1055 1936 1132 1980 con·

123 2002 225 2066 traria
244 1999 436 2084 amplissimi
456 2000 577 2065 ordinis
596 2000 725 2064 decreto
744 2000 925 2065 inexilium
940 2002 1029 2066 mitti
1048 2002 1130 2069 fece
1143 2030 1170 2070 ao

122 2096 199 2155 runt
218 2091 260 2155 ob
278 2089 350 2174 hoc,
368 2089 454 2173 quod
469 2087 602 2153 Saturni
618 2092 651 2153 et
666 2088 750 2153 Solis
770 2088 907 2153 antiocia
925 2089 959 2154 in
978 2091 1129 2158 cosmicia

34 2243 37 2247 ,
71 2179 113 2243 14
123 2179 302 2243 constituta
325 2177 484 2243 sideribus
508 2178 546 2243 de
569 2176 728 2242 diametro
752 2199 786 2242 se
809 2177 967 2244 viderunt.
1012 2179 1130 2264 Ipsum

120 2288 197 2331 vero
222 2289 303 2351 quae
322 2267 405 2332 ratio
425 2266 551 2331 exulem
569 2265 647 2330 fecit
668 2266 719 2331 vel
739 2288 820 2350 quae
838 2265 923 2332 ratio
943 2267 1130 2335 adulterum

27 2365 29 2369 ’
121 2351 198 2441 (hoc
222 2356 309 2420 enim
326 2355 375 2418 illi
394 2355 517 2420 crimen
535 2355 698 2419 obiectum
717 2354 790 2440 est),
812 2355 874 2420 hac
891 2355 1018 2421 ratione
1037 2380 1130 2424 mon·

120 2446 252 2507 stratur.
289 2443 439 2508 Diximus
456 2442 615 2508 Cancrum
634 2444 668 2507 in
688 2441 843 2509 Geminos
862 2444 1034 2510 antisoium
1053 2448 1167 2515 mit-rs

120 2536 202 2614 tere;
221 2532 255 2596 in
270 2528 394 2596 Cancro
409 2532 518 2617 itaque
533 2531 623 2596 Luna
642 2533 820 2598 constituta
839 2533 1013 2598 antiscium
1030 2557 1128 2602 sunm

119 2620 211 2685 misit
233 2621 268 2684 in
288 2619 451 2704 Geminos,
474 2620 565 2685 cuius
589 2621 763 2685 antiscium
784 2622 820 2686 in
836 2620 981 2707 Aquario
1006 2626 1128 2691 consti·

119 2713 210 2774 tutus
238 2707 327 2774 Mars
355 2711 393 2774 de
421 2710 533 2774 dextro
561 2711 663 2774 latere
693 2711 850 2796 respexit3
881 2715 915 2776 et
942 2715 993 2777 est
1019 2715 1129 2798 perni-

205 2883 300 2954 3pisc
317 2883 538 2954 incapacibus
558 2888 579 2943 Q
598 2886 602 2952 1
624 2883 682 2954 Sol]
704 2882 798 2937 Sed?
869 2884 1073 2942 ohumiliatur
1089 2904 1126 2945 ac.

117 2954 218 3010 Saldo
240 2971 293 3024 qao
315 2956 397 3010 ctiam
422 2956 561 3024 sequentia
586 2955 643 3010 solo
665 2955 796 3011 dicantar
884 2963 901 3010 6
924 2957 1022 3029 atquc]
1049 2962 1081 3014 et
1101 2965 1127 3013 V

116 3026 376 3086 leucademonea
465 3024 649 3094 cambum,
674 3042 742 3081 corr.
761 3024 791 3080 A‘
883 3032 956 3082 9ex
978 3045 997 3080 v
1032 3033 1079 3084 est
1096 3032 1128 3086 ot

117 3097 229 3152 101000
247 3098 393 3179 geniturae
412 3103 433 3157 Q
450 3097 492 3177 in]
512 3101 569 3156 aa
641 3103 672 3151 11
691 3096 792 3152 fuisset
810 3096 906 3167 (fuerit
924 3101 970 3168 Ψ)
1022 3100 1038 3155 l.
1058 3101 1127 3158 Sira

118 3174 151 3222 12
166 3171 195 3223 et
208 3168 263 3239 ipsr
276 3168 387 3238 patria
437 3174 470 3222 14
484 3186 514 3221 m
527 3169 559 3222 ia
572 3169 669 3235 conda.
686 3169 733 3222 lio.
748 3171 896 3240 geminat?
942 3175 974 3223 15
988 3169 1108 3233 lolemc

116 3239 219 3293 diuidit
237 3242 306 3312 11²}
336 3239 371 3293 de
389 3240 440 3294 del.
459 3260 476 3293 κ
532 3238 670 3307 diametri,
689 3257 757 3295 corr.
776 3238 806 3293 A‘
880 3246 913 3294 18
932 3243 962 3295 et
978 3243 1043 3297 add.
1087 3244 1093 3256 '

116 3317 149 3365 19
167 3310 252 3380 libra,
275 3328 343 3366 corr.
363 3311 463 3379 stall
528 3309 593 3379 erit,
617 3327 684 3366 corr.
707 3330 726 3364 v
815 3317 849 3365 20
868 3312 993 3380 decreta,
1016 3330 1088 3370 corr.
1105 3333 1125 3370 ι

115 3387 146 3436 21
167 3384 297 3435 saturnus
322 3386 326 3452 Ι
351 3380 483 3436 costnicis
502 3385 523 3440 Q
541 3389 606 3436 suat
623 3383 836 3451 aequinoctialia
919 3389 954 3437 22
973 3384 1125 3441 constitu&

114 3456 214 3511 PQRV
230 3455 234 3522 Ι
251 3453 397 3522 syderibus
416 3460 436 3505 Ρ
452 3452 595 3521 {uiderint
612 3459 650 3506 B·
710 3460 743 3508 23
761 3453 893 3523 rationi·
955 3460 989 3509 24
1007 3456 1085 3512 ratio
1101 3462 1125 3511 P

114 3528 149 3577 as
167 3522 261 3593 gemin
279 3529 358 3577 nra
435 3523 961 3596 argeminugemiragominise
1168 3522 1176 3539 ·
