2408 3840
483 166 560 238 1112,
575 173 662 238 sa—3,
677 184 697 224 s.
1035 169 1098 235 105

181 310 244 378 Sed
267 313 301 378 in
323 313 375 380 his
399 313 550 379 omnibus
572 313 653 378 locis
678 311 817 379 Saturno
840 314 948 399 posito
971 317 1149 400 partem2l

90 401 161 468 eius
186 400 358 486 diligenter
381 403 517 486 inquire,
539 406 577 466 ut
597 401 752 486 invenias,
774 403 809 467 in
828 426 892 487 quo
911 404 983 469 loco
1007 407 1040 469 et
1063 404 1097 470 in

90 491 209 576 quibus
232 491 352 556 finibus
380 491 698 556 duodecatemorium
725 492 794 556 eius
822 492 866 556 sit
894 493 1098 573 collocatum,

90 584 130 645 ut
160 601 199 644 ex
226 580 506 645 duodecatemorio
539 583 572 643 et
604 601 643 644 ex
674 579 794 644 finibus
827 580 1100 647 duodecatemorii

63 690 221 737 comnem
246 667 379 734 Saturni
400 668 547 741 invenias
569 671 776 752 potestatem.

442 880 502 946 III.
535 879 751 947 IUPPITER.

184 1005 219 1071 Si
242 1005 388 1092 Iuppiter
410 1007 445 1071 in
467 1007 574 1091 primo
598 1006 726 1071 cardine
749 1006 914 1091 partiliter
935 1006 969 1070 id
993 1010 1043 1072 est
1065 1007 1129 1072 inl

92 1098 186 1179 parte
209 1095 382 1181 horoscopi
404 1095 504 1160 fuerit
527 1095 739 1179 constitutus,
766 1096 800 1160 in
827 1096 879 1160 his
907 1095 1099 1179 praesertim

94 1183 207 1269 signis,
229 1184 263 1249 in
287 1185 404 1268 quibus
428 1185 556 1270 gaudet,
578 1185 629 1249 vel
652 1183 687 1249 in
710 1183 777 1249 suis
797 1184 968 1250 domiciliis
992 1185 1042 1250 vel
1066 1186 1101 1249 in

53 1273 163 1340 rosuis
187 1273 306 1337 finibus
329 1274 380 1338 vel
403 1273 438 1338 in
462 1274 633 1339 altitudine
657 1295 729 1357 sua,
759 1273 857 1338 faciet
879 1273 1006 1338 nobiles
1030 1274 1101 1358 glo-

94 1361 199 1426 riosos
218 1362 345 1447 magnis
365 1385 491 1446 semper
504 1362 709 1447 praepositos
723 1361 920 1445 civitatibus,
939 1361 1101 1426 interdum

94 1471 288 1535 magnarum
307 1450 475 1516 civitatum
495 1452 605 1516 decem
622 1450 746 1534 primos
764 1472 824 1534 pro
846 1472 997 1515 mensura
1015 1452 1103 1534 geni·

94 1543 201 1624 turae,
227 1539 331 1603 bonos
355 1543 508 1603 venustos
530 1538 698 1604 benivolos
721 1539 825 1604 laetos
854 1538 985 1623 divites,
1012 1561 1101 1621 prae

96 1627 210 1692 sertim
240 1628 267 1692 si
294 1649 352 1711 per
379 1627 465 1690 diem
491 1627 526 1691 in
551 1627 726 1711 horoscopi
752 1627 900 1712 partibus
928 1627 1027 1692 fuerit
1056 1628 1103 1693 in·

54 1741 82 1781 15
96 1719 211 1780 ventus
245 1720 278 1780 et
305 1715 333 1779 si
360 1715 451 1779 nulla
481 1715 633 1780 malivola
661 1717 756 1780 stella
789 1716 835 1781 sic
865 1716 894 1780 ei
922 1716 1031 1800 posito
1064 1738 1103 1781 ex

97 1803 206 1886 aliqua
232 1805 325 1887 parte
353 1803 522 1867 restiterit.
568 1801 655 1868 Nam
684 1805 712 1868 si
740 1804 850 1870 Iovem
884 1804 930 1870 sie
959 1805 1104 1889 positum

97 1891 251 1956 malivola
274 1892 369 1957 stelle
393 1892 556 1956 contraria
579 1892 758 1957 radiatione
781 1894 974 1977 respexerit,
997 1897 1104 1958 totum

98 1980 251 2064 quiequid
264 1981 412 2065 Iuppiter
426 1981 603 2046 decreverit
622 2003 661 2044 ex
675 1981 815 2046 maxima
828 1986 921 2066 parte
938 1980 1102 2047 minuitur.

98 2067 134 2134 si
152 2091 228 2134 vero
246 2092 304 2153 per
322 2075 450 2135 noctem
471 2068 506 2132 in
524 2069 697 2155 horoscopi
715 2074 807 2154 parte
826 2070 926 2135 fuerit
943 2070 1134 2150 inventus?

55 2185 83 2225 ro
96 2157 195 2222 faciet
216 2159 359 2242 primum
381 2158 473 2223 nasci
494 2159 580 2223 inter
602 2158 721 2222 fratres
744 2158 804 2242 vel,
828 2160 883 2243 qui
902 2163 977 2224 ante
995 2159 1103 2244 ipsum

96 2249 192 2311 natus
220 2247 332 2328 fuerit,
364 2247 523 2312 interimit
561 2247 612 2312 vel
645 2247 681 2311 in
712 2247 900 2334 longinquis
928 2271 1001 2312 eum
1029 2249 1104 2334 †se

96 2335 225 2419 paravit
252 2339 285 2400 et
309 2336 482 2401 constituit
506 2336 695 2422 regionibus
723 2358 762 2402 ao
784 2337 880 2419 locis,
907 2342 945 2401 ut
971 2337 1041 2421 ipse
1068 2339 1103 2403 in

96 2428 233 2507 paterna
256 2425 351 2490 domo
374 2425 494 2490 habeat
512 2425 740 2510 principatum.
776 2424 871 2490 Facit
894 2430 1004 2491 autem
1022 2427 1103 2492 bene

96 2513 216 2576 nutriri
234 2517 267 2578 et
285 2519 436 2597 parentes
456 2514 524 2578 eius
543 2513 577 2578 in
591 2514 732 2578 maxima
746 2514 903 2580 felicitate
923 2515 1101 2580 constituit.

54 2627 82 2668 2⁵
97 2601 221 2678 Quodsi
253 2601 300 2667 sie
333 2625 392 2687 per
420 2607 551 2668 noctem
580 2602 657 2667 Iove
686 2602 796 2687 posito
826 2603 979 2668 malivola
1008 2605 1104 2669 stella

97 2690 266 2775 restiterit,
290 2713 418 2756 omnem
440 2695 611 2775 paternam
631 2713 667 2756 ac
686 2696 866 2757 maternam
887 2693 1104 2758 substantiam

96 2776 278 2864 dissipabit.
325 2778 459 2865 Semper
482 2784 591 2844 autem
614 2779 762 2864 Iuppiter
785 2780 819 2845 in
843 2781 1027 2845 cardinibus
1051 2782 1135 2866 ge3

95 2867 225 2933 niturae
249 2869 427 2934 collocatus
451 2872 507 2933 aut
527 2869 651 2952 primos
674 2869 764 2934 nasci
787 2869 886 2933 faciet
910 2873 966 2934 aut
984 2869 1103 2936 fratres

187 3029 202 3077 3
226 3024 327 3078 finibus
350 3041 400 3079 om.
420 3030 443 3077 V
468 3026 471 3094 Ι
497 3024 744 3078 duodecathemor-
767 3023 879 3094 (iorum
901 3028 947 3092 V),
970 3027 1033 3080 item
1052 3026 1068 3079 l.
1087 3033 1105 3079 4

97 3095 218 3166 (decath.
238 3097 316 3150 tertio
335 3096 391 3150 loco
408 3099 445 3164 H)
462 3097 465 3166 l
482 3095 541 3149 eius
565 3095 602 3150 sit
619 3114 653 3150 ex
671 3094 763 3149 euasit
784 3097 874 3162 facere
892 3097 978 3150 coluit
995 3102 1036 3162 Η,
1058 3098 1105 3151 aad

97 3173 136 3222 cot
154 3165 281 3220 eiusiasit
335 3173 351 3220 6
370 3168 450 3222 inser.
471 3182 520 3220 orn.
536 3172 583 3219 PR
602 3167 636 3220 de
654 3166 754 3220 iouev
810 3172 825 3219 7
844 3166 919 3220 idest
932 3168 961 3238 κ]
980 3167 1004 3220 si
1022 3166 1106 3236 (idest

98 3237 122 3291 si
141 3236 183 3306 A')
247 3245 262 3292 9
281 3237 325 3291 vel
343 3236 373 3290 in
387 3239 523 3307 posterius
541 3239 570 3309 a]
589 3236 676 3291 etiam
745 3243 777 3290 12
797 3237 893 3291 decem
911 3239 960 3309 κσ]
980 3238 1107 3292 decernit

98 3313 132 3362 13
151 3311 286 3377 uetustos,
305 3325 372 3363 corr.
392 3308 421 3362 A'
438 3309 443 3390 l
459 3325 548 3378 praes.
567 3325 617 3379 per
636 3308 710 3362 diem
729 3308 752 3362 si
770 3307 828 3362 hor.
848 3314 875 3360 H
947 3316 980 3363 15
1003 3309 1105 3379 posita,

97 3384 209 3436 eorm
272 3386 304 3434 16
323 3379 459 3434 restiterit
477 3381 505 3451 κ]
524 3379 677 3449 respexerit
745 3385 778 3432 18
798 3381 842 3451 ex]
862 3382 928 3434 etl’
990 3387 1021 3433 21
1043 3398 1106 3435 eum

98 3466 219 3577 pezmpler¹
230 3449 585 3593 colrpsttitqupttlprdiseparpbitt
596 3450 626 3504 A'
651 3452 685 3517 cf.
705 3451 767 3505 odd.
847 3456 881 3505 26
899 3450 1066 3524 malilliuola
1083 3457 1106 3503 B

184 3538 290 3591 ss1pa1
341 3540 352 3576 a
446 3539 522 3592 ssrpa
553 3540 571 3575 u
