2408 3840
499 145 539 200 IV
555 151 596 215 14,
612 162 707 202 11-1c.
1041 143 1105 208 229

101 291 183 356 alios
202 312 350 376 aucupes,
369 291 451 355 alios
470 313 509 355 ex
527 291 635 375 puteis
654 290 822 356 altissimis
842 289 975 355 adsiduo
995 290 1106 354 labore

100 400 201 463 aquas
215 380 321 444 levare
336 380 512 464 compellit,
527 381 608 445 alios
624 381 803 466 agrestium
817 381 963 444 locorum
973 378 1023 443 vel
1035 376 1109 443 hor-

99 471 209 532 torum
224 469 388 553 operarios
403 469 509 552 faciet,
530 468 611 534 alios
629 471 798 534 naucleros
815 468 964 533 nauticos
982 468 1032 531 vel
1052 487 1109 552 gu-

99 559 297 639 bernatores,
321 558 402 622 alios
423 560 615 644 structores,¹
633 558 715 622 alios
734 557 918 642 lapidarios,
942 556 1023 621 alios
1042 555 1110 639 pol·

74 647 256 711 clinctores
279 646 359 711 facit
382 650 438 710 aut
461 669 519 730 per
541 647 630 730 ipsos
651 647 836 731 sepulturae
855 667 982 728 semper
1001 645 1110 710 officia

102 739 290 799 tractantes.
335 734 374 798 ln
397 733 513 800 Martis
536 736 618 819 tadi
642 737 728 800 enim
752 735 977 799 coniunctione
1001 734 1110 797 multi-

101 822 179 908 plici
203 845 320 909 genere
344 825 473 888 decreta
496 824 670 889 variantur.

189 912 219 977 A
243 911 436 977 Mercurio
460 912 567 977 Luna
595 914 639 977 ad
664 910 801 978 Solem.
848 910 882 976 Si
906 933 925 975 a
948 909 1109 975 Mercurio
1122 910 1164 976 15

102 1001 246 1066 defluens
273 1000 365 1065 Luna
394 1001 518 1065 feratur
548 1003 588 1066 ad
617 1001 739 1086 Solem,
773 1004 829 1066 aut
859 1005 966 1066 mente
997 1003 1110 1083 captos

62 1115 88 1156 ro
102 1094 159 1155 aut
181 1090 294 1176 lingua
317 1090 492 1174 impeditos
521 1096 577 1155 aut
606 1091 720 1155 surdos
743 1088 844 1155 efficit
868 1094 925 1154 aut
952 1109 1111 1173 pauperes

104 1184 137 1244 et
151 1180 269 1244 misero
285 1179 442 1264 egestatis
453 1181 603 1263 squalore
614 1181 792 1264 depressos,
807 1177 961 1244 erraticos
973 1198 1112 1262 semper·

104 1290 166 1352 que
189 1269 378 1354 peregrinos
402 1273 435 1333 et
459 1270 514 1352 qui
536 1291 698 1352 nusquam
720 1269 828 1333 sedem
847 1266 1112 1349 domiciliumque

104 1360 319 1443 constituant3
357 1357 412 1421 sed
444 1356 524 1422 haec
558 1357 738 1422 infortunia
769 1378 923 1441 processu
954 1355 1111 1438 temporis
1162 1367 1165 1371 ’

104 1449 329 1528 temperantur
352 1448 385 1508 et
409 1445 537 1529 expleto
561 1450 708 1529 tempore
730 1445 908 1510 iuventutis
927 1466 1029 1527 parva
1046 1442 1112 1506 illis

65 1558 91 1598 15
106 1554 146 1596 ex
168 1532 267 1597 variis
291 1534 419 1598 actibus
442 1534 528 1598 vitae
551 1534 712 1617 praesidia
736 1537 944 1617 quaeruntur.

190 1620 221 1686 A
251 1621 444 1687 Mercurio
474 1621 580 1687 Luna
611 1623 655 1686 ad
682 1621 876 1687 Venerem.
921 1619 957 1686 Si
985 1642 1004 1684 a
1031 1618 1165 1686 Mer-16

104 1709 193 1776 curio
217 1711 360 1776 defluens
378 1710 470 1775 Luna
493 1711 527 1775 in
550 1716 710 1776 nocturna
732 1712 884 1797 genitura
905 1711 1002 1794 plena
1020 1708 1112 1773 lumi-

104 1800 247 1864 minibus
279 1800 404 1863 feratur
436 1801 476 1864 ad
508 1799 683 1886 Venerem,
717 1800 815 1865 faciet
852 1820 907 1863 eos
940 1797 1112 1883 †publicis

103 1888 234 1973 protegi
257 1890 298 1952 ab
323 1911 408 1972 aere3
437 1888 607 1954 inveniunt
631 1890 780 1954 omnibus
804 1888 930 1953 actibus
953 1885 1112 1971 principa·

64 2003 91 2042 ro
105 1981 190 2061 tum3
218 1978 342 2062 gloriae
371 1978 469 2041 etiam
495 1983 527 2042 et
554 1999 693 2063 magnae
719 1978 888 2042 felicitatis
914 1977 1113 2040 incrementa

106 2065 258 2131 decernit.
296 2066 389 2130 Alios
413 2071 559 2132 oratores
582 2067 671 2149 facit,
694 2068 750 2131 sed
769 2066 937 2130 affluentia
955 2064 1112 2129 sermonis

106 2155 273 2218 ...alios
309 2159 423 2238 poetas
455 2155 535 2220 facit
567 2160 600 2221 et
632 2177 687 2220 eos
720 2154 901 2220 divinorum
935 2153 1113 2218 carminum

106 2243 300 2307 auctoritate
318 2243 473 2308 nobilitat
488 2249 544 2308 aut
558 2245 593 2308 in
607 2243 724 2309 officiis
739 2244 872 2308 deorum
885 2244 936 2308 vel
951 2243 986 2306 in
996 2241 1113 2306 officiis

105 2331 340 2415 imperatorum
370 2333 505 2397 adsidua
531 2334 692 2397 honorum
723 2331 965 2398 continuatione
995 2331 1113 2396 consti·

64 2420 169 2486 satuit
198 2425 254 2485 aut
277 2444 315 2486 ex
344 2422 491 2505 personis
521 2427 554 2487 et
582 2420 916 2486 commendationibus
940 2420 1113 2484 mulierum

104 2513 161 2573 aut
185 2531 224 2574 ex
247 2510 460 2575 muliebribus
490 2510 685 2595 quibusdam
709 2511 836 2576 actibus
861 2511 900 2574 ad
923 2509 1114 2574 felicitatem

194 2724 209 2771 2
230 2720 383 2788 agrestium
401 2737 451 2774 om.
465 2725 493 2773 1
509 2723 513 2790 1
530 2719 662 2789 colorum,
681 2737 748 2775 corr.
768 2719 797 2773 Δ’
859 2727 874 2773 3
892 2718 1050 2773 nauclerios
1068 2722 1116 2769 PR

105 2794 122 2841 4
141 2788 311 2858 polinatores
322 2797 348 2844 n
362 2791 525 2861 pollintores
536 2797 583 2844 PB
599 2794 641 2861 (ia
654 2809 706 2861 quo
720 2809 774 2846 ras.
786 2798 849 2860 post
862 2793 891 2860 n)
946 2796 962 2842 5
976 2806 1026 2859 per
1039 2787 1115 2858 ipsos

104 2861 367 2928 immensuratim
385 2862 553 2931 vespillones
567 2879 583 2916 c
652 2869 667 2916 6
686 2864 745 2916 reoli
763 2864 881 2917 conicere
895 2859 1037 2926 Martiali,·
1054 2876 1117 2929 par·

105 2929 219 2984 ticulari
229 2932 377 2987 Buecheler
392 2935 396 3003 l
413 2933 644 3001 coniunctionem,
664 2939 768 2993 corre
823 2939 854 2987 11
874 2932 998 2998 miseros,
1017 2947 1084 2985 corr.
1100 2949 1117 2982 a

108 3007 141 3054 13
161 3001 337 3057 constituunt
360 3009 386 3056 Π
495 3010 527 3058 16
551 3007 704 3074 querantur
727 3010 753 3057 Π
861 3010 893 3057 16
916 3005 997 3058 aruer.
1021 3019 1072 3057 om.
1090 3006 1118 3054 1

107 3078 139 3126 17
154 3072 308 3127 luminibus
321 3074 511 3144 principatum
526 3075 633 3144 gloriae
647 3076 753 3129 feratur
766 3080 814 3128 PB
883 3080 915 3128 19
935 3076 997 3141 fort.
1012 3072 1117 3127 habere

106 3143 136 3196 in
154 3143 291 3212 venereis3
312 3147 398 3200 locum
416 3148 456 3200 sic
471 3148 527 3212 fere
545 3148 654 3218 refingit
668 3148 815 3201 Buecheler
832 3145 902 3199 facit
916 3162 963 3199 eos
978 3142 1110 3225 <pudicas

108 3214 235 3284 coniugis
249 3215 391 3285 praesidio
411 3234 427 3270 a
445 3216 578 3289 iudiciis>
591 3217 712 3287 publicis
726 3217 849 3288 protegi3
868 3217 973 3270 habere
986 3230 1110 3268 iuvenun

105 3302 177 3340 omn.
199 3289 251 3340 act.
267 3287 354 3357 princ.
420 3293 452 3341 19
473 3288 557 3362 abere
570 3293 598 3341 Ι
613 3289 617 3360 Ι
635 3289 743 3342 omibus
757 3294 784 3341 11
848 3295 881 3342 22
901 3290 950 3342 luc.
965 3294 1025 3342 erar.
1042 3285 1114 3352 Sira

105 3358 207 3412 eccidit
220 3375 243 3411 c.
254 3375 275 3412 c.
287 3361 400 3412 ornatos
414 3360 455 3414 vel
468 3358 595 3428 copiosos
607 3360 611 3432 Ι
623 3359 768 3413 cardinum
783 3359 970 3414 actoritate!
1008 3364 1042 3411 24
1053 3373 1101 3410 con

104 3427 264 3482 tinuatione
291 3430 428 3484 honomm
454 3435 482 3483 Ι
519 3432 524 3499 1
562 3431 710 3485 constituit
742 3434 792 3485 aut
819 3431 866 3503 A']
900 3428 1055 3485 constituta
1086 3445 1110 3480 r

106 3504 140 3553 25
158 3515 292 3569 personas
311 3506 345 3553 1²⁸
417 3507 450 3555 26
469 3501 643 3570 mulieribus,
662 3519 729 3558 corr.
750 3522 766 3555 a
