2416 3840
107 181 172 258 262
540 190 678 245 arsinoi

108 338 275 425 geniturae
290 336 553 421 gymnasiarchas
563 334 747 419 Asiarchas,
760 335 1001 420 provinciarum
1013 356 1126 400 sacca.

107 429 213 510 dotes,
244 425 347 491 claros
378 447 505 510 semper
534 429 567 491 et
595 424 723 490 nobiles
753 427 786 488 et
814 445 953 508 quorum
979 422 1115 489 honoris

106 515 248 600 insignia
279 536 337 599 per
364 513 467 579 totius
495 514 583 578 orbis
617 511 724 598 spatia
754 512 973 598 perferantur,
1002 515 1114 598 gratos

109 604 264 668 amabiles
296 607 456 673 venustos.
483 603 586 667 iustos
619 605 653 666 ct
685 601 803 686 quibus
836 601 969 686 cupiant
1002 623 1113 666 omnes

107 713 309 777 quacumque
333 691 459 755 ratione
481 691 647 776 prodesse;
671 691 728 756 sed
750 690 790 754 iis
814 712 834 754 a
852 689 981 755 feminis
1000 691 1053 754 vel
1072 690 1113 754 ab
1139 711 1150 753 a

76 779 262 846 buxoribus
285 784 357 845 tota
379 778 546 844 felicitatis
565 779 708 864 insignia
726 778 944 844 conferuntur.
982 774 1017 844 Si
1036 800 1114 844 vero

105 891 171 934 non
193 869 292 934 fuerit
318 868 354 932 in
379 866 431 932 his
459 867 539 932 locis
566 888 625 932 nec
653 868 687 932 in
713 868 766 933 his
790 865 898 949 [locis]
928 866 1032 952 signis
1054 888 1114 932 nec

104 958 139 1022 in
161 957 214 1022 his
237 957 356 1021 finibus
385 960 419 1021 ct
446 957 480 1020 in
508 955 622 1020 alienis
645 957 748 1042 signis
771 956 823 1020 vel
845 956 881 1020 in
903 955 1018 1020 alienis
1042 955 1114 1020 fini·

105 1047 166 1110 bus
197 1045 296 1109 fuerit
327 1045 466 1128 inventa,
498 1044 589 1109 dabit
617 1048 703 1109 artes
735 1044 889 1110 honestas
922 1065 1051 1129 semper
1079 1047 1113 1109 ct

105 1134 254 1219 mundas3
287 1133 367 1197 facit
399 1133 485 1197 enim
520 1133 667 1197 aurifices
696 1133 898 1198 inauratores
925 1131 1149 1218 bratiarios,1o

104 1222 306 1307 argentarios
334 1221 475 1286 musicos
504 1221 693 1307 organarius
721 1221 872 1305 pictores.
919 1219 954 1286 Si
976 1242 1054 1287 vero
1077 1220 1113 1286 in

104 1310 235 1376 deiectis
253 1309 334 1376 locis
354 1313 387 1374 et
404 1308 440 1374 in
457 1309 561 1395 pigris
574 1308 673 1374 fuerit
692 1309 833 1394 inventa,
851 1308 949 1375 faciet
962 1309 1111 1395 hospites

102 1399 290 1483 popinarios
317 1398 520 1466 tabernarios
549 1399 735 1482 myropolas
763 1401 796 1464 et
824 1397 880 1483 qui
910 1419 1047 1463 coronas
1072 1420 1112 1462 ex

101 1488 220 1552 florum
246 1487 403 1553 varietate
436 1487 633 1571 compositas
665 1486 760 1552 festis
793 1509 830 1552 ac
863 1487 963 1552 sacris
994 1487 1111 1552 dicbus

103 1575 282 1641 distrahere
306 1575 492 1641 consuerint
515 1579 548 1640 et
572 1595 790 1660 quaecumque
815 1575 855 1639 ad
878 1575 1040 1640 laetitiam
1057 1575 1110 1641 vel
1124 1597 1146 1639 a

73 1664 143 1730 'lad
166 1664 414 1730 delectationem
437 1667 513 1728 sunt
538 1664 727 1729 necessaria.
775 1662 838 1729 Sed
861 1663 1057 1749 generaliter
1082 1665 1111 1729 si

102 1775 176 1818 eum
199 1774 246 1837 eo,
270 1754 325 1838 qui
348 1758 440 1818 aetus
464 1753 621 1835 decernit,
643 1752 794 1818 benivola
816 1752 916 1817 fuerit
938 1752 1035 1817 stella
1057 1753 1110 1819 vel

102 1863 176 1906 eum
199 1842 360 1928 trigonica
377 1842 556 1906 radiatione
575 1842 761 1926 respexerit,
779 1841 843 1925 ipsi
861 1839 949 1922 actui
968 1841 1111 1927 gloriam

100 1929 222 1995 famam
244 1931 513 2015 nobilitatemque
537 1930 680 1995 decernit
699 1934 734 1994 et
752 1930 893 1995 maxima
912 1929 1111 1995 facultatum

101 2019 300 2084 incrementa
318 2019 470 2105 largitur3
489 2021 521 2082 et
540 2023 661 2103 quanto
680 2019 789 2102 plnres
808 2016 978 2083 benivolae
992 2018 1111 2084 stellae
1123 2046 1146 2086 a

101 2107 208 2173 radios
228 2130 302 2173 suos
322 2107 507 2172 decernenti
526 2112 635 2173 actum
650 2107 886 2190 societatesque
901 2105 1111 2187 contulerint,

100 2197 135 2260 in
161 2201 290 2261 tantum
317 2197 464 2261 inmensa
490 2194 659 2261 felicitatis
692 2196 902 2261 conferuntur
931 2200 1112 2281 augmenta

101 2289 133 2348 et
157 2307 195 2349 ex
217 2286 289 2369 ipso
313 2289 387 2350 actu
411 2306 546 2370 magnae
571 2283 693 2371 gloriae
717 2306 835 2349 nomen
858 2282 990 2369 accipit,
1017 2307 1111 2369 prae

101 2372 213 2437 sertim
233 2375 261 2437 si
280 2378 368 2439 recto
389 2395 484 2438 eursu
502 2378 674 2459 pergentes
694 2373 862 2438 benivolae
882 2373 1004 2457 stellae,
1025 2395 1111 2458 quac

100 2460 324 2525 testimonium
351 2463 536 2546 perhibent,
564 2463 599 2526 in
626 2461 787 2527 matutino
817 2465 891 2526 ortu
913 2459 1037 2526 fuerint
1060 2462 1109 2528 in·
1123 2489 1146 2530 ss

70 2552 223 2616 Sventae.
257 2548 378 2626 Quodsi
398 2551 465 2614 sine
485 2551 674 2616 testimonio
693 2551 918 2615 benivolorum
937 2550 1111 2618 stellarum

189 2763 204 2811 1
223 2758 559 2829 gymnasiacasasiarcas
573 2766 620 2813 ΡΡ
635 2763 677 2831 (sa
691 2762 736 2829 ss.)
750 2757 1008 2830 gymnasiacasasi
1027 2776 1111 2816 arcas

100 2835 223 2899 areant,
242 2847 308 2885 corr.
320 2831 384 2886 Stat
462 2837 478 2883 2
498 2834 527 2885 ct
545 2838 607 2886 cate
624 2830 733 2885 nobiles
752 2837 833 2886 om.l’
909 2830 1111 2901 bradiationc,

100 2917 167 2955 corr.
182 2899 212 2953 A‘
230 2903 233 2971 t
251 2902 300 2956 sed
318 2901 353 2954 iis
371 2903 432 2973 aea]
448 2902 489 2956 De
504 2901 558 2955 diis
575 2905 578 2972 l
596 2919 612 2956 a
626 2901 738 2956 feminis
753 2900 821 2973 Μ’]
838 2901 963 2956 afanis!
978 2901 1111 2970 affenis!

99 2970 225 3025 alenisB
281 2974 364 3028 lutet.
379 2972 409 3025 A‘
465 2972 587 3043 8signis
606 2973 649 3026 vel
667 2973 698 3026 in
716 2973 815 3027 alicnis
834 2978 926 3027 om]
982 2978 1111 3029 loman-

99 3045 205 3097 ratores
219 3048 246 3095 11
266 3043 444 3167 phraeiarios
458 3049 485 3097 11
509 3043 690 3110 bratiatorios
704 3051 724 3097 Ρ
810 3050 842 3098 12
861 3042 987 3112 defectis,
1006 3060 1080 3100 corr.
1092 3063 1111 3098 v

101 3118 134 3167 13
152 3131 268 3185 myropa
280 3132 310 3169 as
325 3122 372 3168 Pa
445 3121 478 3168 14
496 3132 530 3169 ac
548 3115 633 3169 sacris
653 3116 743 3182 deficit
761 3120 782 3174 tt
854 3119 887 3168 15
902 3113 1041 3169 distraere
1056 3121 1085 3169 1
1103 3116 1109 3189 Ι

99 3185 333 3239 consueuerint?
358 3188 362 3256 Ι
386 3185 527 3241 laetitiam
545 3186 588 3240 vel
608 3187 644 3240 ad
663 3203 712 3241 om.
727 3190 754 3238 1
842 3191 874 3239 16
893 3183 929 3256 si]
948 3185 998 3238 sed
1012 3191 1042 3238 1

100 3260 132 3309 18
152 3257 227 3329 eum]
247 3274 310 3310 cum
328 3263 375 3310 PR
400 3260 404 3328 Ι
429 3257 585 3327 rexpexerit
602 3263 630 3310 ¹1
655 3258 658 3328 l
684 3258 876 3326 exspectaveris
893 3257 966 3310 celat
988 3255 1019 3309 in
1038 3256 1112 3328 ipsis

99 3327 209 3380 actibus
300 3334 332 3381 19
356 3327 619 3398 ignobilitatemque
638 3334 731 3381 ltl’lta
829 3333 861 3380 21
886 3343 950 3380 suos
973 3326 1112 3383 radios?

99 3397 192 3451 iadios
212 3397 346 3453 discernit
358 3405 456 3454 's’uosR
472 3404 476 3468 Ι
493 3399 653 3453 decernenti
662 3398 705 3470 A']
725 3397 883 3452 decernit!
897 3396 1112 3473 discernitl’Bl

99 3468 351 3536 societatemque?
414 3477 447 3523 22
466 3469 645 3525 conferantur
657 3476 699 3523 11·
715 3473 718 3540 Ι
736 3471 903 3540 aucgmcnta
916 3473 943 3521 1
1007 3474 1044 3524 23
1065 3487 1114 3527 ac-

98 3537 255 3606 cepitn·
309 3546 342 3594 26
362 3540 421 3594 sinc
440 3558 489 3596 om.
504 3546 531 3594 lt
