<?xml version="1.0" encoding="UTF-8"?>
<!DOCTYPE html PUBLIC "-//W3C//DTD XHTML 1.0 Transitional//EN"
    "http://www.w3.org/TR/xhtml1/DTD/xhtml1-transitional.dtd">
<html xmlns="http://www.w3.org/1999/xhtml" xml:lang="en" lang="en">
 <head>
  <title>
</title>
<meta http-equiv="Content-Type" content="text/html;charset=utf-8" />
  <meta name='ocr-system' content='tesseract 3.04.00' />
  <meta name='ocr-capabilities' content='ocr_page ocr_carea ocr_par ocr_line ocrx_word'/>
</head>
<body>
  <div class='ocr_page' id='page_1' title='image "./iuliifirmicimat00mategoog_0085.png"; bbox 0 0 2408 3840; ppageno 0'>
   <div class='ocr_carea' id='block_1_1' title="bbox 115 142 691 207">
    <p class='ocr_par' dir='ltr' id='par_1_1' title="bbox 115 142 691 207">
     <span class='ocr_line' id='line_1_1' title="bbox 115 142 691 207; baseline 0.005 -12"><span class='ocrx_word' id='word_1_1' title='bbox 115 142 158 207; x_wconf 83' lang='grc'><strong>68</strong></span> <span class='ocrx_word' id='word_1_2' title='bbox 216 184 219 189; x_wconf 60' lang='grc'>,</span> <span class='ocrx_word' id='word_1_3' title='bbox 552 142 691 198; x_wconf 79' lang='lat' dir='ltr'><strong>FIRMICI</strong></span> 
     </span>
    </p>
   </div>
   <div class='ocr_carea' id='block_1_2' title="bbox 21 287 1167 1526">
    <p class='ocr_par' dir='ltr' id='par_1_2' title="bbox 115 287 1166 817">
     <span class='ocr_line' id='line_1_2' title="bbox 115 287 1126 375; baseline 0.002 -21"><span class='ocrx_word' id='word_1_4' title='bbox 115 289 201 354; x_wconf 86' lang='lat' dir='ltr'><strong>lecta</strong></span> <span class='ocrx_word' id='word_1_5' title='bbox 236 292 270 353; x_wconf 90' lang='lat' dir='ltr'><strong>et</strong></span> <span class='ocrx_word' id='word_1_6' title='bbox 307 289 334 353; x_wconf 91' lang='lat' dir='ltr'><strong>si</strong></span> <span class='ocrx_word' id='word_1_7' title='bbox 366 287 590 353; x_wconf 85' lang='lat' dir='ltr'><strong>benivolarum</strong></span> <span class='ocrx_word' id='word_1_8' title='bbox 626 289 795 353; x_wconf 87' lang='lat' dir='ltr'><strong>stellarum</strong></span> <span class='ocrx_word' id='word_1_9' title='bbox 831 289 1126 375; x_wconf 85' lang='lat' dir='ltr'><strong>malivolarumque</strong></span> 
     </span>
     <span class='ocr_line' id='line_1_3' title="bbox 115 378 1126 463; baseline 0.002 -21"><span class='ocrx_word' id='word_1_10' title='bbox 115 378 288 462; x_wconf 77' lang='lat' dir='ltr'><strong>mixturas,</strong></span> <span class='ocrx_word' id='word_1_11' title='bbox 314 378 460 442; x_wconf 89' lang='lat' dir='ltr'><strong>locorum</strong></span> <span class='ocrx_word' id='word_1_12' title='bbox 486 378 554 441; x_wconf 82' lang='lat' dir='ltr'><strong>vim</strong></span> <span class='ocrx_word' id='word_1_13' title='bbox 581 380 614 441; x_wconf 91' lang='lat' dir='ltr'><strong>et</strong></span> <span class='ocrx_word' id='word_1_14' title='bbox 641 378 809 462; x_wconf 86' lang='lat' dir='ltr'><strong>signorum</strong></span> <span class='ocrx_word' id='word_1_15' title='bbox 836 383 871 442; x_wconf 91' lang='lat' dir='ltr'><strong>et</strong></span> <span class='ocrx_word' id='word_1_16' title='bbox 897 379 1041 461; x_wconf 89' lang='lat' dir='ltr'><strong>partium</strong></span> <span class='ocrx_word' id='word_1_17' title='bbox 1067 402 1126 463; x_wconf 83' lang='lat' dir='ltr'><strong>po</strong></span> 
     </span>
     <span class='ocr_line' id='line_1_4' title="bbox 115 465 1126 550; baseline 0.003 -20"><span class='ocrx_word' id='word_1_18' title='bbox 115 469 251 531; x_wconf 84' lang='lat' dir='ltr'><strong>testates</strong></span> <span class='ocrx_word' id='word_1_19' title='bbox 270 469 409 550; x_wconf 87' lang='lat' dir='ltr'><strong>aequata</strong></span> <span class='ocrx_word' id='word_1_20' title='bbox 427 465 665 531; x_wconf 91' lang='lat' dir='ltr'><strong>coniunctionis</strong></span> <span class='ocrx_word' id='word_1_21' title='bbox 680 467 923 550; x_wconf 87' lang='lat' dir='ltr'><strong>comparatione</strong></span> <span class='ocrx_word' id='word_1_22' title='bbox 937 467 1126 550; x_wconf 81' lang='lat' dir='ltr'><strong>sociaveris,</strong></span> 
     </span>
     <span class='ocr_line' id='line_1_5' title="bbox 115 549 1125 638; baseline 0.002 -19"><span class='ocrx_word' id='word_1_23' title='bbox 115 549 223 621; x_wconf 89' lang='lat' dir='ltr'><strong>totuni</strong></span> <span class='ocrx_word' id='word_1_24' title='bbox 237 555 404 619; x_wconf 90' lang='lat' dir='ltr'><strong>hominem</strong></span> <span class='ocrx_word' id='word_1_25' title='bbox 423 577 442 618; x_wconf 94' lang='lat' dir='ltr'><strong>a</strong></span> <span class='ocrx_word' id='word_1_26' title='bbox 459 553 565 638; x_wconf 89' lang='lat' dir='ltr'><strong>primo</strong></span> <span class='ocrx_word' id='word_1_27' title='bbox 584 576 687 638; x_wconf 89' lang='lat' dir='ltr'><strong>usque</strong></span> <span class='ocrx_word' id='word_1_28' title='bbox 702 555 743 619; x_wconf 90' lang='lat' dir='ltr'><strong>ad</strong></span> <span class='ocrx_word' id='word_1_29' title='bbox 755 556 970 620; x_wconf 87' lang='lat' dir='ltr'><strong>novissimum</strong></span> <span class='ocrx_word' id='word_1_30' title='bbox 985 556 1070 620; x_wconf 90' lang='lat' dir='ltr'><strong>diem</strong></span> <span class='ocrx_word' id='word_1_31' title='bbox 1089 562 1125 622; x_wconf 95' lang='lat' dir='ltr'><strong>et</strong></span> 
     </span>
     <span class='ocr_line' id='line_1_6' title="bbox 116 643 1166 730; baseline 0.005 -22"><span class='ocrx_word' id='word_1_32' title='bbox 116 664 247 709; x_wconf 91' lang='lat' dir='ltr'><strong>omnem</strong></span> <span class='ocrx_word' id='word_1_33' title='bbox 265 644 334 708; x_wconf 91' lang='lat' dir='ltr'><strong>eius</strong></span> <span class='ocrx_word' id='word_1_34' title='bbox 353 643 455 718; x_wconf 87' lang='lat' dir='ltr'><strong>vitam</strong></span> <span class='ocrx_word' id='word_1_35' title='bbox 474 665 510 709; x_wconf 90' lang='lat' dir='ltr'><strong>ac</strong></span> <span class='ocrx_word' id='word_1_36' title='bbox 529 665 630 727; x_wconf 87' lang='lat' dir='ltr'><strong>spem,</strong></span> <span class='ocrx_word' id='word_1_37' title='bbox 648 643 766 708; x_wconf 83' lang='lat' dir='ltr'><strong>iratres</strong></span> <span class='ocrx_word' id='word_1_38' title='bbox 788 645 888 708; x_wconf 87' lang='lat' dir='ltr'><strong>etiam</strong></span> <span class='ocrx_word' id='word_1_39' title='bbox 906 648 1123 730; x_wconf 87' lang='lat' dir='ltr'><strong>parentesque</strong></span> <span class='ocrx_word' id='word_1_40' title='bbox 1153 674 1166 714; x_wconf 87' lang='lat'><strong>5</strong></span> 
     </span>
     <span class='ocr_line' id='line_1_7' title="bbox 115 731 1125 817; baseline 0.003 -21"><span class='ocrx_word' id='word_1_41' title='bbox 115 735 148 796; x_wconf 93' lang='lat' dir='ltr'><strong>et</strong></span> <span class='ocrx_word' id='word_1_42' title='bbox 170 732 266 817; x_wconf 90' lang='lat' dir='ltr'><strong>filios,</strong></span> <span class='ocrx_word' id='word_1_43' title='bbox 291 731 503 797; x_wconf 83' lang='lat' dir='ltr'><strong>valitudinem</strong></span> <span class='ocrx_word' id='word_1_44' title='bbox 526 731 697 817; x_wconf 89' lang='lat' dir='ltr'><strong>coniugem</strong></span> <span class='ocrx_word' id='word_1_45' title='bbox 721 736 859 797; x_wconf 91' lang='lat' dir='ltr'><strong>mortem</strong></span> <span class='ocrx_word' id='word_1_46' title='bbox 882 738 1005 797; x_wconf 89' lang='lat' dir='ltr'><strong>sectam</strong></span> <span class='ocrx_word' id='word_1_47' title='bbox 1029 739 1125 799; x_wconf 90' lang='lat' dir='ltr'><strong>actus</strong></span> 
     </span>
    </p>

    <p class='ocr_par' dir='ltr' id='par_1_3' title="bbox 21 819 1127 1084">
     <span class='ocr_line' id='line_1_8' title="bbox 21 819 1126 906; baseline 0.003 -22"><span class='ocrx_word' id='word_1_48' title='bbox 21 888 25 894; x_wconf 71' lang='grc'><strong>,</strong></span> <span class='ocrx_word' id='word_1_49' title='bbox 115 821 255 886; x_wconf 83' lang='lat' dir='ltr'><strong>honores</strong></span> <span class='ocrx_word' id='word_1_50' title='bbox 277 821 555 906; x_wconf 77' lang='lat' dir='ltr'><strong>peregrinationes</strong></span> <span class='ocrx_word' id='word_1_51' title='bbox 579 819 778 885; x_wconf 80' lang='lat' dir='ltr'><strong>domicilium</strong></span> <span class='ocrx_word' id='word_1_52' title='bbox 801 820 1026 900; x_wconf 88' lang='lat' dir='ltr'><strong>fundamenta,</strong></span> <span class='ocrx_word' id='word_1_53' title='bbox 1049 823 1126 887; x_wconf 92' lang='lat' dir='ltr'><strong>sub-</strong></span> 
     </span>
     <span class='ocr_line' id='line_1_9' title="bbox 116 909 1127 1001; baseline 0.002 -27"><span class='ocrx_word' id='word_1_54' title='bbox 116 909 271 975; x_wconf 85' lang='lat' dir='ltr'><strong>stantiam</strong></span> <span class='ocrx_word' id='word_1_55' title='bbox 294 910 473 974; x_wconf 88' lang='lat' dir='ltr'><strong>amicorum</strong></span> <span class='ocrx_word' id='word_1_56' title='bbox 497 909 712 998; x_wconf 89' lang='lat' dir='ltr'><strong>inimicorum,</strong></span> <span class='ocrx_word' id='word_1_57' title='bbox 734 911 956 975; x_wconf 75' lang='lat' dir='ltr'><strong>accusationes</strong></span> <span class='ocrx_word' id='word_1_58' title='bbox 979 911 1127 1001; x_wconf 89' lang='lat' dir='ltr'><strong>pericula</strong></span> 
     </span>
     <span class='ocr_line' id='line_1_10' title="bbox 114 996 885 1084; baseline 0 -22"><span class='ocrx_word' id='word_1_59' title='bbox 114 997 204 1064; x_wconf 88' lang='lat' dir='ltr'><strong>facili</strong></span> <span class='ocrx_word' id='word_1_60' title='bbox 228 997 426 1062; x_wconf 87' lang='lat' dir='ltr'><strong>definitionis</strong></span> <span class='ocrx_word' id='word_1_61' title='bbox 450 996 664 1082; x_wconf 85' lang='lat' dir='ltr'><strong>explicatione</strong></span> <span class='ocrx_word' id='word_1_62' title='bbox 688 997 848 1084; x_wconf 80' lang='lat' dir='ltr'><strong>designas.</strong></span> <span class='ocrx_word' id='word_1_63' title='bbox 882 1062 885 1069; x_wconf 82' lang='grc'>,</span> 
     </span>
    </p>

    <p class='ocr_par' dir='ltr' id='par_1_4' title="bbox 65 1085 1167 1526">
     <span class='ocr_line' id='line_1_11' title="bbox 65 1085 1167 1158; baseline 0.007 -8"><span class='ocrx_word' id='word_1_64' title='bbox 65 1087 107 1150; x_wconf 91' lang='grc'><strong>14</strong></span> <span class='ocrx_word' id='word_1_65' title='bbox 205 1086 294 1151; x_wconf 88' lang='lat' dir='ltr'><strong>Haec</strong></span> <span class='ocrx_word' id='word_1_66' title='bbox 309 1086 344 1150; x_wconf 92' lang='lat' dir='ltr'><strong>in</strong></span> <span class='ocrx_word' id='word_1_67' title='bbox 356 1087 419 1151; x_wconf 94' lang='lat' dir='ltr'><strong>hoo</strong></span> <span class='ocrx_word' id='word_1_68' title='bbox 433 1085 651 1151; x_wconf 86' lang='lat' dir='ltr'><strong>institutionis</strong></span> <span class='ocrx_word' id='word_1_69' title='bbox 670 1085 754 1151; x_wconf 89' lang='lat' dir='ltr'><strong>libro</strong></span> <span class='ocrx_word' id='word_1_70' title='bbox 774 1087 972 1152; x_wconf 83' lang='lat' dir='ltr'><strong>sufficienter</strong></span> <span class='ocrx_word' id='word_1_71' title='bbox 989 1087 1125 1153; x_wconf 86' lang='lat' dir='ltr'><strong>interim</strong></span> <span class='ocrx_word' id='word_1_72' title='bbox 1140 1120 1167 1158; x_wconf 85' lang='lat' dir='ltr'><strong>ro</strong></span> 
     </span>
     <span class='ocr_line' id='line_1_12' title="bbox 116 1175 1126 1261; baseline 0.002 -22"><span class='ocrx_word' id='word_1_73' title='bbox 116 1175 272 1261; x_wconf 72' lang='lat' dir='ltr'><strong>diximus,</strong></span> <span class='ocrx_word' id='word_1_74' title='bbox 289 1197 402 1239; x_wconf 88' lang='lat' dir='ltr'><strong>verum</strong></span> <span class='ocrx_word' id='word_1_75' title='bbox 417 1197 490 1240; x_wconf 91' lang='lat' dir='ltr'><strong>cum</strong></span> <span class='ocrx_word' id='word_1_76' title='bbox 505 1175 545 1239; x_wconf 90' lang='lat' dir='ltr'><strong>ad</strong></span> <span class='ocrx_word' id='word_1_77' title='bbox 559 1175 794 1258; x_wconf 85' lang='lat' dir='ltr'><strong>apotelesmata</strong></span> <span class='ocrx_word' id='word_1_78' title='bbox 808 1176 999 1260; x_wconf 89' lang='lat' dir='ltr'><strong>venerimus,</strong></span> <span class='ocrx_word' id='word_1_79' title='bbox 1013 1178 1126 1241; x_wconf 90' lang='lat' dir='ltr'><strong>omnia</strong></span> 
     </span>
     <span class='ocr_line' id='line_1_13' title="bbox 113 1263 1125 1348; baseline 0.003 -21"><span class='ocrx_word' id='word_1_80' title='bbox 113 1264 257 1348; x_wconf 88' lang='lat' dir='ltr'><strong>primum</strong></span> <span class='ocrx_word' id='word_1_81' title='bbox 275 1263 403 1348; x_wconf 91' lang='lat' dir='ltr'><strong>platice,</strong></span> <span class='ocrx_word' id='word_1_82' title='bbox 423 1264 536 1328; x_wconf 90' lang='lat' dir='ltr'><strong>deinde</strong></span> <span class='ocrx_word' id='word_1_83' title='bbox 555 1263 670 1328; x_wconf 89' lang='lat' dir='ltr'><strong>subtili</strong></span> <span class='ocrx_word' id='word_1_84' title='bbox 688 1263 959 1347; x_wconf 87' lang='lat' dir='ltr'><strong>interpretatione</strong></span> <span class='ocrx_word' id='word_1_85' title='bbox 978 1265 1125 1330; x_wconf 89' lang='lat' dir='ltr'><strong>dicemus</strong></span> 
     </span>
     <span class='ocr_line' id='line_1_14' title="bbox 116 1352 1125 1438; baseline 0 -20"><span class='ocrx_word' id='word_1_86' title='bbox 116 1356 232 1418; x_wconf 89' lang='lat' dir='ltr'><strong>cuncta</strong></span> <span class='ocrx_word' id='word_1_87' title='bbox 245 1352 336 1418; x_wconf 86' lang='lat' dir='ltr'><strong>facili</strong></span> <span class='ocrx_word' id='word_1_88' title='bbox 349 1352 572 1438; x_wconf 81' lang='lat' dir='ltr'><strong>designatione</strong></span> <span class='ocrx_word' id='word_1_89' title='bbox 587 1356 817 1434; x_wconf 89' lang='lat' dir='ltr'><strong>monstrantes,</strong></span> <span class='ocrx_word' id='word_1_90' title='bbox 835 1376 876 1418; x_wconf 91' lang='lat' dir='ltr'><strong>ne</strong></span> <span class='ocrx_word' id='word_1_91' title='bbox 891 1352 1125 1437; x_wconf 87' lang='lat' dir='ltr'><strong>pronuntiandi</strong></span> 
     </span>
     <span class='ocr_line' id='line_1_15' title="bbox 115 1439 1042 1526; baseline 0 -20"><span class='ocrx_word' id='word_1_92' title='bbox 115 1441 285 1506; x_wconf 89' lang='lat' dir='ltr'><strong>scientiam</strong></span> <span class='ocrx_word' id='word_1_93' title='bbox 308 1441 418 1526; x_wconf 90' lang='lat' dir='ltr'><strong>aliqua</strong></span> <span class='ocrx_word' id='word_1_94' title='bbox 439 1439 613 1524; x_wconf 87' lang='lat' dir='ltr'><strong>trepidatio</strong></span> <span class='ocrx_word' id='word_1_95' title='bbox 637 1441 851 1506; x_wconf 87' lang='lat' dir='ltr'><strong>dubitationis</strong></span> <span class='ocrx_word' id='word_1_96' title='bbox 874 1441 1042 1526; x_wconf 91' lang='lat' dir='ltr'><strong>impediat.</strong></span> 
     </span>
    </p>
   </div>
   <div class='ocr_carea' id='block_1_3' title="bbox 179 1651 1169 1736">
    <p class='ocr_par' dir='ltr' id='par_1_5' title="bbox 179 1651 1169 1736">
     <span class='ocr_line' id='line_1_16' title="bbox 179 1651 1169 1736; baseline 0.006 -17"><span class='ocrx_word' id='word_1_97' title='bbox 179 1653 267 1736; x_wconf 89' lang='lat' dir='ltr'>XXI.</span> <span class='ocrx_word' id='word_1_98' title='bbox 297 1653 358 1719; x_wconf 82' lang='lat' dir='ltr'><strong>DE</strong></span> <span class='ocrx_word' id='word_1_99' title='bbox 382 1651 708 1729; x_wconf 81' lang='lat' dir='ltr'><strong>QUALITA&#39;PIBUS</strong></span> <span class='ocrx_word' id='word_1_100' title='bbox 732 1651 1066 1720; x_wconf 77' lang='lat' dir='ltr'><strong>GENITURARUM.</strong></span> <span class='ocrx_word' id='word_1_101' title='bbox 1143 1685 1169 1725; x_wconf 81' lang='lat'><strong>15</strong></span> 
     </span>
    </p>
   </div>
   <div class='ocr_carea' id='block_1_4' title="bbox 13 1793 1170 2852">
    <p class='ocr_par' dir='ltr' id='par_1_6' title="bbox 119 1793 1132 2057">
     <span class='ocr_line' id='line_1_17' title="bbox 206 1793 1127 1880; baseline 0.002 -20"><span class='ocrx_word' id='word_1_102' title='bbox 206 1795 291 1860; x_wconf 93' lang='lat' dir='ltr'><strong>Illud</strong></span> <span class='ocrx_word' id='word_1_103' title='bbox 318 1793 417 1860; x_wconf 91' lang='lat' dir='ltr'><strong>etiam</strong></span> <span class='ocrx_word' id='word_1_104' title='bbox 444 1795 527 1860; x_wconf 90' lang='lat' dir='ltr'><strong>scire</strong></span> <span class='ocrx_word' id='word_1_105' title='bbox 554 1817 613 1859; x_wconf 91' lang='lat' dir='ltr'><strong>nos</strong></span> <span class='ocrx_word' id='word_1_106' title='bbox 642 1794 806 1878; x_wconf 89' lang='lat' dir='ltr'><strong>convenit,</strong></span> <span class='ocrx_word' id='word_1_107' title='bbox 840 1796 925 1880; x_wconf 93' lang='lat' dir='ltr'><strong>quod</strong></span> <span class='ocrx_word' id='word_1_108' title='bbox 952 1796 1127 1862; x_wconf 87' lang='lat' dir='ltr'><strong>mediocris</strong></span> 
     </span>
     <span class='ocr_line' id='line_1_18' title="bbox 119 1884 1126 1971; baseline 0.001 -21"><span class='ocrx_word' id='word_1_109' title='bbox 119 1885 214 1971; x_wconf 82' lang='lat' dir='ltr'><strong>&lt;est&gt;</strong></span> <span class='ocrx_word' id='word_1_110' title='bbox 237 1885 400 1970; x_wconf 85' lang='lat' dir='ltr'><strong>genitura,</strong></span> <span class='ocrx_word' id='word_1_111' title='bbox 428 1906 510 1968; x_wconf 89' lang='lat' dir='ltr'><strong>quac</strong></span> <span class='ocrx_word' id='word_1_112' title='bbox 537 1905 636 1948; x_wconf 86' lang='lat' dir='ltr'><strong>unam</strong></span> <span class='ocrx_word' id='word_1_113' title='bbox 663 1884 793 1948; x_wconf 91' lang='lat' dir='ltr'><strong>stellam</strong></span> <span class='ocrx_word' id='word_1_114' title='bbox 820 1885 854 1948; x_wconf 89' lang='lat' dir='ltr'><strong>in</strong></span> <span class='ocrx_word' id='word_1_115' title='bbox 877 1884 1040 1951; x_wconf 91' lang='lat' dir='ltr'><strong>domicilio</strong></span> <span class='ocrx_word' id='word_1_116' title='bbox 1065 1908 1126 1951; x_wconf 90' lang='lat' dir='ltr'><strong>suo</strong></span> 
     </span>
     <span class='ocr_line' id='line_1_19' title="bbox 121 1972 1132 2057; baseline 0.001 -18"><span class='ocrx_word' id='word_1_117' title='bbox 121 1973 334 2039; x_wconf 87' lang='lat' dir='ltr'><strong>constitutam</strong></span> <span class='ocrx_word' id='word_1_118' title='bbox 357 1974 392 2036; x_wconf 90' lang='lat' dir='ltr'><strong>in</strong></span> <span class='ocrx_word' id='word_1_119' title='bbox 413 1972 648 2057; x_wconf 87' lang='lat' dir='ltr'><strong>principalibus</strong></span> <span class='ocrx_word' id='word_1_120' title='bbox 671 1973 841 2054; x_wconf 88' lang='lat' dir='ltr'><strong>geniturae</strong></span> <span class='ocrx_word' id='word_1_121' title='bbox 864 1972 945 2038; x_wconf 89' lang='lat' dir='ltr'><strong>locis</strong></span> <span class='ocrx_word' id='word_1_122' title='bbox 972 1973 1132 2040; x_wconf 87' lang='lat' dir='ltr'><strong>habuerit</strong></span> 
     </span>
    </p>

    <p class='ocr_par' dir='ltr' id='par_1_7' title="bbox 13 2058 1170 2852">
     <span class='ocr_line' id='line_1_20' title="bbox 13 2058 1128 2148; baseline -0.001 -20"><span class='ocrx_word' id='word_1_123' title='bbox 13 2091 18 2100; x_wconf 62' lang='lat'><em>¹</em></span> <span class='ocrx_word' id='word_1_124' title='bbox 120 2063 328 2146; x_wconf 82' lang='lat' dir='ltr'><strong>collocatam3</strong></span> <span class='ocrx_word' id='word_1_125' title='bbox 350 2061 465 2126; x_wconf 91' lang='lat' dir='ltr'><strong>mediis</strong></span> <span class='ocrx_word' id='word_1_126' title='bbox 488 2060 589 2126; x_wconf 88' lang='lat' dir='ltr'><strong>etiam</strong></span> <span class='ocrx_word' id='word_1_127' title='bbox 609 2058 823 2125; x_wconf 88' lang='lat' dir='ltr'><strong>felicitatibus</strong></span> <span class='ocrx_word' id='word_1_128' title='bbox 846 2061 1044 2145; x_wconf 88' lang='lat' dir='ltr'><strong>sublevatur,</strong></span> <span class='ocrx_word' id='word_1_129' title='bbox 1069 2065 1128 2148; x_wconf 89' lang='lat' dir='ltr'><strong>qui</strong></span> 
     </span>
     <span class='ocr_line' id='line_1_21' title="bbox 119 2148 1170 2235; baseline 0.003 -20"><span class='ocrx_word' id='word_1_130' title='bbox 119 2151 199 2215; x_wconf 89' lang='lat' dir='ltr'><strong>duas</strong></span> <span class='ocrx_word' id='word_1_131' title='bbox 223 2152 336 2216; x_wconf 87' lang='lat' dir='ltr'><strong>stellas</strong></span> <span class='ocrx_word' id='word_1_132' title='bbox 359 2151 393 2214; x_wconf 94' lang='lat' dir='ltr'><strong>in</strong></span> <span class='ocrx_word' id='word_1_133' title='bbox 416 2148 589 2214; x_wconf 90' lang='lat' dir='ltr'><strong>domiciliis</strong></span> <span class='ocrx_word' id='word_1_134' title='bbox 612 2148 680 2213; x_wconf 89' lang='lat' dir='ltr'><strong>suis</strong></span> <span class='ocrx_word' id='word_1_135' title='bbox 703 2149 738 2213; x_wconf 94' lang='lat' dir='ltr'><strong>in</strong></span> <span class='ocrx_word' id='word_1_136' title='bbox 761 2150 930 2234; x_wconf 91' lang='lat' dir='ltr'><strong>oportunis</strong></span> <span class='ocrx_word' id='word_1_137' title='bbox 954 2152 1128 2235; x_wconf 84' lang='lat' dir='ltr'><strong>geniturae</strong></span> <span class='ocrx_word' id='word_1_138' title='bbox 1143 2181 1170 2220; x_wconf 75' lang='lat' dir='ltr'><strong>eo</strong></span> 
     </span>
     <span class='ocr_line' id='line_1_22' title="bbox 119 2236 1127 2324; baseline 0.003 -22"><span class='ocrx_word' id='word_1_139' title='bbox 119 2240 200 2303; x_wconf 91' lang='lat' dir='ltr'><strong>locis</strong></span> <span class='ocrx_word' id='word_1_140' title='bbox 223 2239 376 2304; x_wconf 88' lang='lat' dir='ltr'><strong>habuerit</strong></span> <span class='ocrx_word' id='word_1_141' title='bbox 398 2239 539 2323; x_wconf 82' lang='lat' dir='ltr'><strong>positas3</strong></span> <span class='ocrx_word' id='word_1_142' title='bbox 567 2236 654 2302; x_wconf 88' lang='lat' dir='ltr'><strong>ultra</strong></span> <span class='ocrx_word' id='word_1_143' title='bbox 682 2238 813 2303; x_wconf 92' lang='lat' dir='ltr'><strong>modum</strong></span> <span class='ocrx_word' id='word_1_144' title='bbox 839 2238 918 2303; x_wconf 86' lang='lat' dir='ltr'><strong>felix</strong></span> <span class='ocrx_word' id='word_1_145' title='bbox 945 2261 982 2304; x_wconf 90' lang='lat' dir='ltr'><strong>ac</strong></span> <span class='ocrx_word' id='word_1_146' title='bbox 1006 2244 1127 2324; x_wconf 89' lang='lat' dir='ltr'><strong>potens</strong></span> 
     </span>
     <span class='ocr_line' id='line_1_23' title="bbox 119 2325 1127 2412; baseline 0.001 -20"><span class='ocrx_word' id='word_1_147' title='bbox 119 2327 192 2412; x_wconf 88' lang='lat' dir='ltr'><strong>orit,</strong></span> <span class='ocrx_word' id='word_1_148' title='bbox 211 2328 268 2410; x_wconf 88' lang='lat' dir='ltr'><strong>qui</strong></span> <span class='ocrx_word' id='word_1_149' title='bbox 286 2332 353 2391; x_wconf 90' lang='lat' dir='ltr'><strong>tres</strong></span> <span class='ocrx_word' id='word_1_150' title='bbox 371 2325 537 2410; x_wconf 69' lang='lat' dir='ltr'><strong>habuerit,</strong></span> <span class='ocrx_word' id='word_1_151' title='bbox 553 2347 654 2409; x_wconf 88' lang='lat' dir='ltr'><strong>prope</strong></span> <span class='ocrx_word' id='word_1_152' title='bbox 673 2327 713 2390; x_wconf 90' lang='lat' dir='ltr'><strong>ad</strong></span> <span class='ocrx_word' id='word_1_153' title='bbox 732 2327 865 2391; x_wconf 89' lang='lat' dir='ltr'><strong>deorum</strong></span> <span class='ocrx_word' id='word_1_154' title='bbox 883 2327 1007 2392; x_wconf 90' lang='lat' dir='ltr'><strong>accedit</strong></span> <span class='ocrx_word' id='word_1_155' title='bbox 1024 2329 1127 2395; x_wconf 83' lang='lat' dir='ltr'><strong>felici-</strong></span> 
     </span>
     <span class='ocr_line' id='line_1_24' title="bbox 120 2413 1128 2499; baseline 0.004 -20"><span class='ocrx_word' id='word_1_156' title='bbox 120 2418 230 2497; x_wconf 85' lang='lat' dir='ltr'><strong>tatem,</strong></span> <span class='ocrx_word' id='word_1_157' title='bbox 254 2414 310 2498; x_wconf 87' lang='lat' dir='ltr'><strong>qui</strong></span> <span class='ocrx_word' id='word_1_158' title='bbox 328 2418 483 2499; x_wconf 88' lang='lat' dir='ltr'><strong>quattuor</strong></span> <span class='ocrx_word' id='word_1_159' title='bbox 502 2413 614 2478; x_wconf 89' lang='lat' dir='ltr'><strong>stellas</strong></span> <span class='ocrx_word' id='word_1_160' title='bbox 636 2414 671 2477; x_wconf 90' lang='lat' dir='ltr'><strong>in</strong></span> <span class='ocrx_word' id='word_1_161' title='bbox 690 2414 862 2480; x_wconf 89' lang='lat' dir='ltr'><strong>domiciliis</strong></span> <span class='ocrx_word' id='word_1_162' title='bbox 881 2416 948 2480; x_wconf 90' lang='lat' dir='ltr'><strong>suis</strong></span> <span class='ocrx_word' id='word_1_163' title='bbox 970 2415 1128 2483; x_wconf 90' lang='lat' dir='ltr'><strong>habuerit</strong></span> 
     </span>
     <span class='ocr_line' id='line_1_25' title="bbox 120 2500 1128 2588; baseline 0.003 -19"><span class='ocrx_word' id='word_1_164' title='bbox 120 2504 324 2569; x_wconf 88' lang='lat' dir='ltr'><strong>constitutas.</strong></span> <span class='ocrx_word' id='word_1_165' title='bbox 356 2500 453 2566; x_wconf 85' lang='lat' dir='ltr'><strong>Ultra</strong></span> <span class='ocrx_word' id='word_1_166' title='bbox 470 2503 556 2566; x_wconf 90' lang='lat' dir='ltr'><strong>hunc</strong></span> <span class='ocrx_word' id='word_1_167' title='bbox 574 2524 745 2567; x_wconf 90' lang='lat' dir='ltr'><strong>numerum</strong></span> <span class='ocrx_word' id='word_1_168' title='bbox 757 2503 892 2568; x_wconf 89' lang='lat' dir='ltr'><strong>humani</strong></span> <span class='ocrx_word' id='word_1_169' title='bbox 906 2506 1034 2588; x_wconf 90' lang='lat' dir='ltr'><strong>generis</strong></span> <span class='ocrx_word' id='word_1_170' title='bbox 1052 2508 1128 2572; x_wconf 83' lang='lat' dir='ltr'><strong>sub-</strong></span> 
     </span>
     <span class='ocr_line' id='line_1_26' title="bbox 120 2591 1168 2674; baseline 0.007 -18"><span class='ocrx_word' id='word_1_171' title='bbox 120 2592 242 2656; x_wconf 87' lang='lat' dir='ltr'><strong>stantia</strong></span> <span class='ocrx_word' id='word_1_172' title='bbox 259 2613 326 2656; x_wconf 90' lang='lat' dir='ltr'><strong>non</strong></span> <span class='ocrx_word' id='word_1_173' title='bbox 342 2591 476 2674; x_wconf 86' lang='lat' dir='ltr'><strong>petitur.</strong></span> <span class='ocrx_word' id='word_1_174' title='bbox 514 2591 577 2666; x_wconf 81' lang='lat' dir='ltr'><strong>Qui</strong></span> <span class='ocrx_word' id='word_1_175' title='bbox 595 2612 671 2655; x_wconf 88' lang='lat' dir='ltr'><strong>vero</strong></span> <span class='ocrx_word' id='word_1_176' title='bbox 689 2591 812 2656; x_wconf 91' lang='lat' dir='ltr'><strong>nullam</strong></span> <span class='ocrx_word' id='word_1_177' title='bbox 826 2592 955 2657; x_wconf 90' lang='lat' dir='ltr'><strong>stellam</strong></span> <span class='ocrx_word' id='word_1_178' title='bbox 974 2594 1009 2658; x_wconf 92' lang='lat' dir='ltr'><strong>in</strong></span> <span class='ocrx_word' id='word_1_179' title='bbox 1023 2595 1128 2661; x_wconf 90' lang='lat' dir='ltr'><strong>domi·</strong></span> <span class='ocrx_word' id='word_1_180' title='bbox 1143 2623 1168 2663; x_wconf 81' lang='lat' dir='ltr'><strong>ss</strong></span> 
     </span>
     <span class='ocr_line' id='line_1_27' title="bbox 120 2678 1131 2766; baseline 0.005 -21"><span class='ocrx_word' id='word_1_181' title='bbox 120 2680 195 2745; x_wconf 93' lang='lat' dir='ltr'><strong>cilio</strong></span> <span class='ocrx_word' id='word_1_182' title='bbox 224 2702 282 2745; x_wconf 81' lang='lat' dir='ltr'><strong>suo</strong></span> <span class='ocrx_word' id='word_1_183' title='bbox 309 2679 460 2744; x_wconf 87' lang='lat' dir='ltr'><strong>habuerit</strong></span> <span class='ocrx_word' id='word_1_184' title='bbox 488 2678 714 2763; x_wconf 87' lang='lat' dir='ltr'><strong>constitutam,</strong></span> <span class='ocrx_word' id='word_1_185' title='bbox 746 2681 878 2766; x_wconf 89' lang='lat' dir='ltr'><strong>ignotus</strong></span> <span class='ocrx_word' id='word_1_186' title='bbox 906 2682 1064 2766; x_wconf 89' lang='lat' dir='ltr'><strong>ignobilis</strong></span> <span class='ocrx_word' id='word_1_187' title='bbox 1094 2690 1131 2750; x_wconf 90' lang='lat' dir='ltr'><strong>et</strong></span> 
     </span>
     <span class='ocr_line' id='line_1_28' title="bbox 121 2768 852 2852; baseline 0.001 -20"><span class='ocrx_word' id='word_1_188' title='bbox 121 2769 247 2833; x_wconf 90' lang='lat' dir='ltr'><strong>miseris</strong></span> <span class='ocrx_word' id='word_1_189' title='bbox 272 2769 334 2833; x_wconf 90' lang='lat' dir='ltr'><strong>erit</strong></span> <span class='ocrx_word' id='word_1_190' title='bbox 357 2790 484 2852; x_wconf 90' lang='lat' dir='ltr'><strong>semper</strong></span> <span class='ocrx_word' id='word_1_191' title='bbox 507 2768 633 2833; x_wconf 89' lang='lat' dir='ltr'><strong>actibus</strong></span> <span class='ocrx_word' id='word_1_192' title='bbox 656 2768 852 2852; x_wconf 87' lang='lat' dir='ltr'><strong>implicatus.</strong></span> 
     </span>
    </p>
   </div>
   <div class='ocr_carea' id='block_1_5' title="bbox 121 2939 1131 3373">
    <p class='ocr_par' dir='ltr' id='par_1_8' title="bbox 121 2939 1131 3373">
     <span class='ocr_line' id='line_1_29' title="bbox 210 2939 1131 3011; baseline 0.008 -17"><span class='ocrx_word' id='word_1_193' title='bbox 210 2948 224 2994; x_wconf 87' lang='lat'>1</span> <span class='ocrx_word' id='word_1_194' title='bbox 248 2941 470 3010; x_wconf 85' lang='lat' dir='ltr'><strong>maliuorumque</strong></span> <span class='ocrx_word' id='word_1_195' title='bbox 497 2948 521 2994; x_wconf 80' lang='lat' dir='ltr'><strong>B</strong></span> <span class='ocrx_word' id='word_1_196' title='bbox 547 2942 704 3011; x_wconf 89' lang='lat' dir='ltr'><strong>-lorumque</strong></span> <span class='ocrx_word' id='word_1_197' title='bbox 732 2939 768 3002; x_wconf 71' lang='lat' dir='ltr'><strong>(lb</strong></span> <span class='ocrx_word' id='word_1_198' title='bbox 857 2948 873 2996; x_wconf 80' lang='grc' dir='ltr'>ὅ</span> <span class='ocrx_word' id='word_1_199' title='bbox 901 2944 991 2998; x_wconf 83' lang='lat' dir='ltr'><strong>uitam</strong></span> <span class='ocrx_word' id='word_1_200' title='bbox 1018 2946 1079 3000; x_wconf 88' lang='lat' dir='ltr'><strong>eius</strong></span> <span class='ocrx_word' id='word_1_201' title='bbox 1109 2955 1131 3008; x_wconf 76' lang='lat' dir='ltr'>Q</span> 
     </span>
     <span class='ocr_line' id='line_1_30' title="bbox 122 3012 1131 3089; baseline 0.006 -21"><span class='ocrx_word' id='word_1_202' title='bbox 122 3021 137 3068; x_wconf 88' lang='grc'><strong>6</strong></span> <span class='ocrx_word' id='word_1_203' title='bbox 156 3013 246 3067; x_wconf 85' lang='lat' dir='ltr'><strong>ualet</strong></span> <span class='ocrx_word' id='word_1_204' title='bbox 263 3018 316 3065; x_wconf 75' lang='lat' dir='ltr'><strong>BV</strong></span> <span class='ocrx_word' id='word_1_205' title='bbox 405 3017 421 3065; x_wconf 89' lang='lat'><em>8</em></span> <span class='ocrx_word' id='word_1_206' title='bbox 441 3012 544 3066; x_wconf 91' lang='lat' dir='ltr'><strong>amicos</strong></span> <span class='ocrx_word' id='word_1_207' title='bbox 563 3012 690 3067; x_wconf 91' lang='lat' dir='ltr'><strong>inimicos</strong></span> <span class='ocrx_word' id='word_1_208' title='bbox 714 3030 729 3066; x_wconf 86' lang='lat' dir='ltr'><strong>c</strong></span> <span class='ocrx_word' id='word_1_209' title='bbox 755 3012 832 3067; x_wconf 88' lang='lat' dir='ltr'><strong>inim.</strong></span> <span class='ocrx_word' id='word_1_210' title='bbox 852 3032 913 3068; x_wconf 70' lang='lat' dir='ltr'><strong>orm</strong></span> <span class='ocrx_word' id='word_1_211' title='bbox 931 3032 988 3069; x_wconf 91' lang='lat' dir='ltr'><strong>acc.</strong></span> <span class='ocrx_word' id='word_1_212' title='bbox 1007 3019 1131 3089; x_wconf 67' lang='lat' dir='ltr'><strong>turpant</strong></span> 
     </span>
     <span class='ocr_line' id='line_1_31' title="bbox 121 3083 1130 3159; baseline 0.004 -21"><span class='ocrx_word' id='word_1_213' title='bbox 121 3084 186 3139; x_wconf 77' lang='lat' dir='ltr'><strong>Sitti</strong></span> <span class='ocrx_word' id='word_1_214' title='bbox 204 3085 355 3138; x_wconf 78' lang='lat' dir='ltr'><strong>Mommsen</strong></span> <span class='ocrx_word' id='word_1_215' title='bbox 374 3083 493 3137; x_wconf 85' lang='lat' dir='ltr'><strong>Mueller</strong></span> <span class='ocrx_word' id='word_1_216' title='bbox 564 3089 579 3136; x_wconf 86' lang='grc'>9</span> <span class='ocrx_word' id='word_1_217' title='bbox 599 3083 785 3154; x_wconf 83' lang='lat' dir='ltr'><strong>explicatione</strong></span> <span class='ocrx_word' id='word_1_218' title='bbox 807 3084 984 3139; x_wconf 86' lang='lat' dir='ltr'><strong>diffinitionis</strong></span> <span class='ocrx_word' id='word_1_219' title='bbox 1003 3093 1025 3146; x_wconf 75' lang='lat' dir='ltr'>Q</span> <span class='ocrx_word' id='word_1_220' title='bbox 1050 3091 1054 3159; x_wconf 82' lang='grc' dir='ltr'>Ι</span> <span class='ocrx_word' id='word_1_221' title='bbox 1080 3090 1130 3144; x_wconf 90' lang='lat' dir='ltr'><strong>de-</strong></span> 
     </span>
     <span class='ocr_line' id='line_1_32' title="bbox 122 3153 1130 3228; baseline 0.006 -20"><span class='ocrx_word' id='word_1_222' title='bbox 122 3154 247 3225; x_wconf 88' lang='lat' dir='ltr'><strong>signabis</strong></span> <span class='ocrx_word' id='word_1_223' title='bbox 265 3172 303 3208; x_wconf 78' lang='grc' dir='ltr'><strong>κσ</strong></span> <span class='ocrx_word' id='word_1_224' title='bbox 357 3159 390 3206; x_wconf 90' lang='grc'><strong>10</strong></span> <span class='ocrx_word' id='word_1_225' title='bbox 405 3153 539 3207; x_wconf 86' lang='lat' dir='ltr'><strong>sufficiter</strong></span> <span class='ocrx_word' id='word_1_226' title='bbox 551 3160 600 3206; x_wconf 76' lang='lat' dir='ltr'><strong>PB</strong></span> <span class='ocrx_word' id='word_1_227' title='bbox 650 3162 683 3208; x_wconf 87' lang='lat'><strong>13</strong></span> <span class='ocrx_word' id='word_1_228' title='bbox 698 3155 935 3210; x_wconf 86' lang='lat' dir='ltr'><strong>demonstratione</strong></span> <span class='ocrx_word' id='word_1_229' title='bbox 949 3157 1096 3228; x_wconf 88' lang='lat' dir='ltr'><strong>signantes</strong></span> <span class='ocrx_word' id='word_1_230' title='bbox 1106 3167 1130 3213; x_wconf 86' lang='lat' dir='ltr'>V</span> 
     </span>
     <span class='ocr_line' id='line_1_33' title="bbox 123 3224 1131 3299; baseline 0.009 -20"><span class='ocrx_word' id='word_1_231' title='bbox 123 3233 157 3280; x_wconf 88' lang='grc'><strong>14</strong></span> <span class='ocrx_word' id='word_1_232' title='bbox 175 3224 400 3295; x_wconf 71' lang='lat' dir='ltr'><strong>trepidatione?</strong></span> <span class='ocrx_word' id='word_1_233' title='bbox 429 3226 433 3294; x_wconf 88' lang='grc' dir='ltr'>Ι</span> <span class='ocrx_word' id='word_1_234' title='bbox 462 3224 655 3279; x_wconf 88' lang='lat' dir='ltr'><strong>dubutationis</strong></span> <span class='ocrx_word' id='word_1_235' title='bbox 674 3232 698 3278; x_wconf 77' lang='grc' dir='ltr'><strong>Β</strong></span> <span class='ocrx_word' id='word_1_236' title='bbox 773 3232 806 3280; x_wconf 79' lang='grc'><strong>15</strong></span> <span class='ocrx_word' id='word_1_237' title='bbox 824 3229 905 3282; x_wconf 69' lang='lat' dir='ltr'><strong>iccscr.</strong></span> <span class='ocrx_word' id='word_1_238' title='bbox 925 3245 975 3282; x_wconf 75' lang='lat' dir='ltr'><strong>orn.</strong></span> <span class='ocrx_word' id='word_1_239' title='bbox 994 3226 1045 3286; x_wconf 77' lang='lat' dir='ltr'><strong>hoc</strong></span> <span class='ocrx_word' id='word_1_240' title='bbox 1063 3233 1131 3299; x_wconf 84' lang='lat' dir='ltr'><strong>loco,</strong></span> 
     </span>
     <span class='ocr_line' id='line_1_34' title="bbox 122 3297 1130 3373; baseline 0.005 -23"><span class='ocrx_word' id='word_1_241' title='bbox 122 3297 186 3350; x_wconf 84' lang='lat' dir='ltr'><strong>add.</strong></span> <span class='ocrx_word' id='word_1_242' title='bbox 210 3315 243 3351; x_wconf 81' lang='lat' dir='ltr'><strong>ex</strong></span> <span class='ocrx_word' id='word_1_243' title='bbox 269 3298 358 3352; x_wconf 76' lang='lat' dir='ltr'><strong>indice</strong></span> <span class='ocrx_word' id='word_1_244' title='bbox 384 3297 505 3350; x_wconf 80' lang='lat' dir='ltr'><strong>codicum</strong></span> <span class='ocrx_word' id='word_1_245' title='bbox 527 3301 577 3348; x_wconf 70' lang='grc' dir='ltr'>Π</span> <span class='ocrx_word' id='word_1_246' title='bbox 655 3303 687 3350; x_wconf 79' lang='grc'><strong>17</strong></span> <span class='ocrx_word' id='word_1_247' title='bbox 710 3298 798 3365; x_wconf 80' lang='lat' dir='ltr'><strong>suppl.</strong></span> <span class='ocrx_word' id='word_1_248' title='bbox 825 3315 845 3350; x_wconf 81' lang='lat' dir='ltr'>v</span> <span class='ocrx_word' id='word_1_249' title='bbox 920 3305 952 3352; x_wconf 80' lang='lat'><strong>21</strong></span> <span class='ocrx_word' id='word_1_250' title='bbox 979 3301 1025 3373; x_wconf 89' lang='lat' dir='ltr'><strong>ac]</strong></span> <span class='ocrx_word' id='word_1_251' title='bbox 1053 3305 1084 3357; x_wconf 93' lang='lat' dir='ltr'><strong>et</strong></span> <span class='ocrx_word' id='word_1_252' title='bbox 1106 3309 1130 3355; x_wconf 85' lang='lat' dir='ltr'>V</span> 
     </span>
    </p>
   </div>
   <div class='ocr_carea' id='block_1_6' title="bbox 122 3369 1001 3489">
    <p class='ocr_par' dir='ltr' id='par_1_9' title="bbox 122 3369 1001 3489">
     <span class='ocr_line' id='line_1_35' title="bbox 399 3369 544 3418; baseline 0 -11"><span class='ocrx_word' id='word_1_253' title='bbox 399 3369 544 3418; x_wconf 64' lang='lat' dir='ltr'><strong>tnumemm</strong></span> 
     </span>
     <span class='ocr_line' id='line_1_36' title="bbox 122 3419 1001 3489; baseline 0.006 -17"><span class='ocrx_word' id='word_1_254' title='bbox 122 3422 156 3472; x_wconf 78' lang='grc'><strong>23</strong></span> <span class='ocrx_word' id='word_1_255' title='bbox 176 3436 240 3473; x_wconf 88' lang='lat' dir='ltr'><strong>suas</strong></span> <span class='ocrx_word' id='word_1_256' title='bbox 258 3426 293 3472; x_wconf 73' lang='grc' dir='ltr'><strong>Ρ·</strong></span> <span class='ocrx_word' id='word_1_257' title='bbox 364 3425 397 3474; x_wconf 76' lang='lat'><strong>24</strong></span> <span class='ocrx_word' id='word_1_258' title='bbox 416 3419 529 3473; x_wconf 91' lang='lat' dir='ltr'><strong>modum</strong></span> <span class='ocrx_word' id='word_1_259' title='bbox 546 3425 573 3471; x_wconf 72' lang='grc' dir='ltr'><strong>Π</strong></span> <span class='ocrx_word' id='word_1_260' title='bbox 645 3425 677 3473; x_wconf 76' lang='lat'><strong>27</strong></span> <span class='ocrx_word' id='word_1_261' title='bbox 697 3419 750 3467; x_wconf 53' lang='grc' dir='ltr'><strong>ν’*</strong></span> <span class='ocrx_word' id='word_1_262' title='bbox 768 3427 828 3489; x_wconf 86' lang='lat' dir='ltr'><strong>post</strong></span> <span class='ocrx_word' id='word_1_263' title='bbox 845 3421 955 3476; x_wconf 88' lang='lat' dir='ltr'><strong>actibus</strong></span> <span class='ocrx_word' id='word_1_264' title='bbox 972 3429 1001 3477; x_wconf 70' lang='grc' dir='ltr'>Ι</span> 
     </span>
    </p>
   </div>
   <div class='ocr_carea' id='block_1_7' title="bbox 0 0 1218 3840">
    <p class='ocr_par' dir='ltr' id='par_1_10' title="bbox 0 0 1218 3840">
     <span class='ocr_line' id='line_1_37' title="bbox 0 0 1218 3840; baseline 0 0"><span class='ocrx_word' id='word_1_265' title='bbox 0 0 1218 3840; x_wconf 95' lang='lat' dir='ltr'><strong> </strong></span> 
     </span>
    </p>
   </div>
  </div>
 </body>
</html>
