2416 3840
480 151 520 205 III
533 155 576 221 11,
589 167 672 207 s-ra.
1013 152 1078 218 179

73 299 204 361 noctem
227 295 260 359 in
283 295 345 360 hoc
368 295 440 360 loco
463 295 584 360 fuerint
610 296 747 379 inventi,
774 297 812 361 de
835 296 930 361 malis
954 298 1079 363 artibus

24 404 29 415 ‘
76 385 187 449 valde
211 383 305 448 malis
334 383 449 448 officiis
477 384 649 449 facultates
677 385 739 449 sibi
768 384 892 469 aliquas
916 406 1079 470 compara·

73 475 157 539 bunt
180 473 291 556 etqui
314 494 372 556 per
398 473 467 537 dies
495 473 640 559 singulos
668 473 763 537 malis
786 494 823 537 ac
846 472 977 539 nefariis
1001 473 1078 539 acti·

74 563 135 626 bus
168 566 320 626 crescant.
372 561 480 625 Erunt
511 562 598 627 fures
633 566 691 625 aut
722 561 906 627 effractores
936 566 992 626 aut
1022 563 1078 647 qui

47 650 314 717 conmmendatas
342 649 406 714 sibi
434 672 485 714 res
518 655 575 714 aut
602 650 678 714 fidei
705 671 781 715 suae
813 651 951 715 creditas
978 651 1078 716 obsti-

73 739 159 804 natis
188 738 314 803 soleant
337 738 570 821 cupiditatibus
593 739 768 824 abnegare,
796 742 852 803 aut
879 738 1077 804 nefariorum

72 827 253 893 facinorum
283 825 467 891 inventores
497 828 548 891 vel
578 832 774 892 executores.
823 825 962 892 Faciunt
992 828 1078 893 enim

73 921 130 981 aut
153 919 294 980 tortores
318 921 375 979 aut
398 915 565 982 carnifices
589 920 646 980 aut
673 916 856 998 proditores
884 938 1016 980 suorum
1044 921 1077 980 et

71 1004 207 1069 existis
231 1004 356 1069 artibus
379 1003 528 1068 fortunae
552 1026 589 1070 ac
617 1004 810 1069 facultatum
832 1005 897 1069 sibi
919 1005 1076 1069 maximas

32 1119 59 1158 ro
73 1092 274 1158 substantias
298 1099 537 1178 comparantes,
564 1093 620 1157 sed
643 1114 730 1157 mors
754 1094 801 1157 eis
825 1115 898 1158 cum
921 1093 1077 1158 violentia

72 1185 130 1246 aut
153 1204 225 1245 cum
245 1181 438 1265 quibusdam
456 1182 629 1246 tormentis
648 1181 800 1266 gravibus
821 1183 997 1266 proveniet,
1020 1186 1076 1246 aut

72 1270 255 1334 moriuntur
279 1270 339 1354 [in]
363 1271 472 1355 gravis
495 1271 640 1336 insaniae
664 1271 743 1334 vitio
767 1270 962 1335 laborantes.
1051 1274 1054 1280 ’

160 1358 198 1422 In
221 1379 307 1423 nono
326 1360 398 1423 loco
418 1360 458 1423 ab
478 1360 660 1442 horoscopo
680 1357 859 1423 Mercurius
878 1381 950 1423 cum
969 1357 1074 1423 Marte
1087 1358 1130 1423 14

71 1447 194 1530 pariter
217 1446 413 1511 constitutus
437 1448 575 1512 iniustos
598 1447 804 1531 inreligiosos
831 1447 977 1530 periuros
1001 1447 1076 1511 faci·

31 1561 58 1602 ιε
73 1538 136 1616 ent,
161 1535 216 1599 sed
240 1558 311 1600 cum
332 1535 395 1599 isto
415 1536 533 1599 mentis
553 1557 660 1599 errore
678 1535 889 1599 nihilominus
909 1535 1075 1599 ministros

73 1622 215 1707 deorum,
238 1624 293 1687 sed
315 1628 348 1687 et
371 1623 431 1687 hos
450 1624 538 1707 ipsos
558 1625 644 1706 deos,
667 1624 784 1707 quibus
804 1624 958 1708 serviunt,
980 1623 1076 1706 spoli·

71 1714 163 1775 antes
192 1716 287 1794 atque
317 1711 490 1794 nudantes,
520 1712 576 1796 qui
603 1711 799 1795 templorum
827 1712 959 1776 donaria
986 1734 1076 1794 prae·

71 1800 145 1863 dam
162 1821 254 1863 suam
273 1799 404 1864 faciant.
441 1799 502 1865 Sed
520 1800 600 1865 haec
618 1801 757 1865 maxime
775 1800 909 1885 faciunt,
932 1801 959 1864 si
978 1800 1075 1885 longe

70 1910 90 1952 a
112 1887 210 1952 radiis
231 1886 317 1953 Solis
340 1887 464 1954 inventi
486 1888 608 1952 fuerint
630 1894 687 1953 aut
710 1890 744 1952 iu
763 1889 829 1953 suis
848 1889 986 1954 invicem
1004 1911 1075 1972 par-

30 2003 56 2042 ac
71 1977 158 2040 tibus
189 1981 245 2040 aut
273 1975 307 2041 in
336 1978 431 2041 domo
456 1975 542 2042 Solis
561 2026 657 2043 .....
676 1977 774 2061 †arte
802 1978 881 2041 haec
910 1981 1017 2061 eruut,
1045 1977 1074 2042 si

70 2066 116 2129 sic
140 2064 186 2129 eis
210 2066 327 2149 positis
350 2064 442 2130 Luna
470 2087 504 2130 se
532 2066 570 2130 de
598 2067 755 2150 quadrato
779 2066 830 2130 vel
854 2067 891 2131 de
915 2065 1073 2130 diametro

70 2155 273 2219 coniunxerit
296 2154 391 2238 plena
413 2153 600 2218 luminibus.

157 2241 197 2307 In
220 2242 343 2307 decimo
366 2243 438 2308 loco
463 2243 503 2306 ab
526 2243 708 2326 horoscopo
732 2241 819 2306 Mars
843 2246 876 2305 ct
894 2241 1072 2306 Mercurius
1085 2241 1127 2308 15

68 2333 191 2414 pariter
215 2332 386 2395 constituti
410 2332 546 2395 miseros
570 2335 603 2396 et
625 2330 807 2395 inefficaces
830 2329 977 2395 homines
997 2329 1073 2396 faci·

29 2444 54 2484 ss
68 2423 140 2502 unt3
169 2420 415 2485 delectabuntur
443 2424 552 2484 autem
578 2419 720 2484 adsiduis
748 2418 1011 2504 navigationibus
1040 2423 1073 2484 et

70 2512 231 2572 amatores
255 2514 351 2573 erunt
372 2508 621 2593 palaestrarum,
645 2512 678 2572 ct
701 2508 756 2592 qui
778 2507 879 2572 vitam
903 2530 994 2573 suam
1018 2529 1073 2591 po·

68 2597 213 2660 tentibus
237 2597 316 2661 viris
335 2603 392 2661 aut
411 2597 543 2682 regibus
562 2597 636 2661 vitii
653 2597 819 2661 cuiusdam
837 2597 978 2680 (causa)
996 2619 1072 2661 ven-

68 2685 153 2748 dant.
199 2685 306 2749 Erunt
338 2691 448 2750 autem
481 2707 554 2750 cum
586 2686 713 2750 macula
744 2707 870 2770 semper
902 2690 959 2749 aut
990 2685 1071 2749 vitio

68 2774 241 2837 secundum
266 2774 456 2856 qualitatem
480 2773 760 2858 substantiamque
788 2775 963 2859 signorum.
1010 2771 1072 2838 sed
1084 2774 1124 2839 16

26 2887 52 2926 so
67 2884 194 2945 semper
230 2861 409 2927 Mercurius
450 2885 523 2927 cum
564 2862 669 2927 Marte
710 2863 832 2947 pariter
873 2862 1071 2927 const‘tutus

156 3078 169 3123 1
189 3069 296 3123 inventi
314 3087 364 3124 orn.
379 3077 405 3123 11
421 3070 577 3194 lpartibua
597 3036 664 3126 corr.
683 3088 721 3125 κσ
801 3077 816 3124 2
836 3069 1072 3139 comparabuntur

64 3146 117 3194 HV
191 3146 332 3210 3quaec
402 3145 582 3211 4ractores,
600 3159 668 3197 corr.
683 3141 712 3194 A'
788 3147 821 3196 10
839 3157 936 3207 mores,
956 3157 1023 3194 corr.
1039 3139 1068 3192 A'

62 3215 198 3266 mortesc
266 3217 298 3265 11
317 3211 491 3280 proueniant,
512 3229 579 3267 corr.
594 3212 624 3265 A'
694 3219 726 3266 12
745 3212 775 3266 in
793 3214 843 3267 del.
858 3230 876 3265 v
941 3216 973 3264 15
991 3209 1069 3280 istos,

63 3300 130 3338 corr.
145 3282 177 3335 Δ’4
194 3285 197 3353 l
215 3299 320 3337 errores
334 3288 356 3335 v
412 3289 445 3335 17
464 3283 582 3337 donaria
596 3285 623 3355 σ]
642 3283 780 3338 dominari
794 3283 831 3337 ad
844 3284 879 3350 cf.
894 3283 927 3336 de
938 3299 987 3336 err.
998 3285 1069 3349 28,c

64 3360 96 3408 18
116 3353 225 3408 faciunt
243 3353 285 3425 A']
304 3351 412 3408 faciant
429 3360 508 3407 EPR
526 3354 633 3408 facient
649 3360 672 3407 V
744 3361 776 3409 19
795 3353 840 3420 sm
858 3352 925 3408 solis
942 3356 982 3424 ΡΙ
999 3351 1071 3478 will

63 3424 170 3480 Soliso
261 3431 295 3477 20
315 3426 363 3479 lac.
383 3432 443 3480 atat.
463 3446 480 3479 κ
505 3428 510 3495 1
534 3443 557 3480 o.
573 3443 593 3480 c.
613 3423 730 3479 fortiora
748 3443 786 3480 κσ
874 3430 907 3478 27
927 3425 991 3478 add.
1006 3423 1048 3479 su

63 3502 96 3550 29
116 3495 339 3563 sustantiamque
357 3500 381 3548 B
452 3500 486 3549 30
505 3496 674 3551 constitutus
691 3498 720 3568 v]
740 3495 886 3550 constituti

857 3584 910 3639 12*
