2416 3840
129 145 194 208 226
564 143 701 197 uranici

72 335 74 340 -
127 289 208 374 poni
240 294 296 353 aut
329 293 529 374 privatarum
561 289 670 353 litium
702 288 823 354 iudices
853 288 932 354 facit
960 293 992 353 et
1021 311 1060 353 ex
1087 288 1143 354 his

129 379 257 445 actibus
281 379 422 442 maxima
449 378 642 442 facultatum
670 377 868 441 incrementa
896 378 1054 459 decernit,
1083 379 1143 442 sed

130 472 162 532 et
195 467 362 532 felicitatis
394 468 533 551 largitur
564 466 722 550 insignia3
756 467 827 530 aliis
857 466 1055 531 hereditates
1088 467 1144 530 de·

130 557 242 638 cernit,
266 556 347 620 alios
371 578 422 619 res
447 556 608 639 depositas
633 559 666 618 et
689 556 863 619 absconsas
887 556 1029 620 invenire
1054 576 1142 619 com·

128 645 232 729 pellit,
256 645 341 728 apud
364 644 446 708 alios
469 666 520 708 res
545 643 788 709 commendatae
812 648 980 709 remanent
1000 648 1033 708 et
1053 644 1141 727 apud
1170 669 1182 709 s

129 755 186 798 eos
210 735 278 797 sine
303 732 425 796 fraudis
449 731 529 797 vitio
557 735 779 816 perseverant,
806 737 844 796 ut
873 754 911 796 ex
938 733 1010 797 istis
1040 733 1141 796 rebus

128 821 234 908 gloria
262 826 295 886 et
324 820 510 886 substantia
537 820 602 885 illis
631 825 663 884 et
694 842 814 906 magna
844 820 982 886 felicitas
1011 843 1142 905 compa·

127 915 226 976 retur.

98 1002 116 1065 7
219 999 249 1063 A
277 998 469 1063 Mercurio
496 995 601 1061 Luna
632 997 676 1061 ad
706 997 876 1063 Martem.
921 997 1140 1063 AMercurio

129 1089 272 1152 defluens
296 1087 388 1150 Luna
417 1088 444 1150 si
467 1085 591 1149 feratur
619 1086 659 1151 ad
682 1085 822 1151 Martem
845 1088 879 1151 in
907 1087 1023 1151 diurna
1050 1088 1180 1172 geni-10

127 1180 202 1240 tura
226 1180 259 1241 et
282 1174 325 1239 sit
347 1174 610 1239 Luna'crescens
635 1175 685 1239 vel
709 1174 805 1258 plena
828 1175 1015 1257 luminibus,
1038 1175 1141 1240 faciet

127 1265 334 1349 inreligiosos
366 1263 513 1348 periuros
546 1263 677 1327 fallaces
714 1267 747 1327 et
776 1286 913 1348 quorum
941 1265 1070 1329 malitia
1098 1265 1140 1329 ad

130 1375 225 1418 omne
248 1353 374 1417 facinus
397 1374 454 1437 per
477 1351 545 1415 dies
569 1351 715 1437 singulos
734 1358 866 1417 crescat.
902 1353 1009 1417 Erunt
1028 1353 1140 1418 effrac·

128 1447 218 1507 tores
241 1441 328 1506 fures
353 1445 386 1506 et
409 1440 464 1524 qui
487 1441 610 1523 templa
632 1440 790 1526 sacrilego
811 1441 920 1506 furore
939 1464 1068 1526 semper
1087 1464 1139 1506 ex-

124 1532 240 1616 pilant,
265 1534 359 1595 erunt
377 1531 521 1593 latrones
539 1529 719 1594 homicidae
739 1535 772 1594 et
790 1531 829 1594 ad
848 1553 942 1595 neces
961 1530 1172 1598 hominumn

126 1642 251 1704 semper
282 1619 411 1702 armati,
444 1619 499 1682 sed
527 1618 561 1681 in
592 1617 643 1682 his
677 1620 901 1703 comprehensi
931 1619 1134 1684 facinoribus

125 1709 290 1774 custodiae
313 1707 450 1773 vinculis
474 1706 674 1790 carcerisque
698 1708 871 1772 traduntur
894 1712 927 1771 et
951 1708 1061 1793 gladio
1086 1731 1133 1773 se

125 1820 200 1863 vera
230 1797 346 1862 iudicis
377 1795 653 1861 animadversione
684 1797 871 1879 plectuntur
898 1801 955 1860 aut
983 1796 1134 1880 quolibet

124 1908 241 1972 genere
266 1887 307 1950 ob
331 1884 410 1949 haec
432 1884 577 1950 facinora
599 1884 793 1949 biothanata
817 1889 921 1950 morte
945 1885 1133 1970 depereunt.

92 1974 159 2042 ssi
188 1997 264 2041 vero
295 1975 338 2038 sit
368 1978 527 2038 nocturna
557 1973 750 2058 (genitura)
780 1978 813 2038 et
841 1996 860 2037 a
888 1973 1051 2039 Mercurio
1081 1975 1132 2039 de·
1146 2001 1171 2040 se

123 2065 226 2129 fluens
255 2063 347 2127 Luna
373 2063 468 2146 plena
498 2062 549 2126 vel
580 2083 726 2126 crescens
758 2062 881 2127 feratur
914 2063 953 2126 ad
980 2061 1134 2149 Martem,

123 2153 202 2218 facit
226 2155 321 2218 duces
345 2173 383 2216 ac
406 2152 554 2215 tribunos
583 2151 732 2233 militum,
761 2152 816 2215 sed
839 2152 1001 2216 terribiles
1026 2157 1059 2217 et
1083 2157 1133 2236 ty·

123 2243 265 2307 rannicis
292 2240 512 2325 potestatibus
543 2240 744 2321 sublevatos,
776 2240 826 2304 vel
858 2240 1042 2305 defensores
1074 2245 1133 2306 ant
1190 2262 1192 2267 ·

122 2330 286 2414 praesides
303 2330 484 2411 civitatum,
507 2328 561 2391 sed
580 2329 635 2412 qui
648 2350 825 2412 numquam
838 2329 873 2392 in
889 2328 1028 2393 istarum
1040 2334 1133 2413 pote-

123 2422 246 2482 statum
264 2417 395 2482 lieentia
413 2421 617 2501 perseverent
637 2421 669 2481 et
688 2417 743 2501 qui
761 2417 851 2481 vario
871 2439 988 2502 genere
1003 2439 1172 2502 sempera

124 2506 301 2589 offendant,
312 2527 448 2589 quorum
456 2505 512 2570 alii
519 2509 691 2569 vertuntur
699 2506 733 2568 in
743 2505 863 2590 fugam,
878 2506 934 2571 alii
947 2507 982 2571 in
997 2506 1132 2580 exilium

123 2595 249 2677 dantur,
264 2594 319 2658 alii
334 2593 518 2657 biothanati
533 2593 705 2678 intereunt,
719 2595 911 2677 praesertim
926 2596 954 2659 si
964 2595 999 2658 in
1011 2596 1132 2680 princi-

91 2684 250 2769 9palibus
274 2682 442 2768 geniturae
465 2682 545 2746 locis
569 2681 657 2745 Mars
681 2687 714 2745 et
736 2681 828 2747 Luna
850 2683 972 2748 fuerint
995 2685 1130 2750 inventi.

124 2771 253 2838 sivero
273 2773 308 2836 in
327 2771 459 2836 deiectis
479 2769 647 2855 geniturae
668 2771 748 2836 loeis
769 2794 787 2835 a
806 2771 966 2837 Mercurio
986 2773 1130 2838 defluens

212 3006 225 3052 1
245 2999 412 3070 priuitarum
430 3004 477 3051 ΡΒ
494 3002 497 3066 Ι
514 3001 543 3051 et
561 2999 635 3070 Stat]
659 3001 707 3051 aut
789 3005 804 3051 2
825 3000 873 3052 sed
892 3003 921 3053 et
940 3000 1015 3071 Sitti]
1035 3000 1133 3056 credet

120 3078 138 3125 4
157 3071 299 3141 depositas
318 3074 346 3124 et
365 3072 398 3142 Δ]
419 3069 559 3140 depositas
579 3069 627 3122 sed
646 3075 672 3122 Β
692 3069 820 3139 deposita
840 3070 888 3123 sed
904 3076 951 3123 ΡΒ
1024 3077 1040 3124 5
1061 3076 1133 3142 aput

120 3149 233 3212 utroque
248 3144 303 3197 loco
318 3148 344 3195 Β
400 3146 414 3194 7
434 3140 593 3194 substantia
611 3140 668 3194 illis
688 3144 716 3194 et
733 3157 837 3210 magna
851 3141 1011 3196 substantia
1025 3145 1055 3195 et
1068 3142 1132 3196 feli-

121 3213 192 3267 citas
210 3219 237 3266 Β
304 3214 363 3266 9Α
381 3228 472 3266 merec
491 3212 613 3265 defluens
630 3217 656 3264 Β
725 3218 757 3265 16
777 3212 943 3293 cophensiP
1017 3220 1049 3267 17
1070 3230 1132 3267 car-

122 3284 232 3352 cerique
251 3305 267 3337 κ
289 3287 292 3354 Ι
313 3284 408 3354 gladio
427 3289 449 3335 Β
468 3301 528 3337 cum
546 3301 600 3338 ras.
619 3284 725 3354 posto]
744 3283 853 3353 gladms
872 3289 924 3336 ΒΡ
945 3287 948 3352 Ι
970 3300 1066 3338 severa
1085 3285 1131 3358 Β]

120 3370 187 3408 uera
260 3361 292 3408 18
312 3354 420 3408 inditiis
435 3360 461 3407 n
479 3352 627 3406 iudiciis?
700 3359 734 3406 20
753 3356 816 3409 add.
832 3354 887 3414 Μ’
961 3360 994 3408 22
1014 3355 1132 3425 milites,

118 3442 187 3479 corr.
208 3427 271 3480 Stat
325 3432 359 3480 24
378 3427 427 3479 sed
445 3425 520 3495 Sittl]
541 3427 590 3478 aut
644 3432 677 3479 26
696 3428 849 3496 uastantur,
868 3443 936 3481 corr.
956 3446 972 3479 a
1028 3433 1062 3480 29
1082 3426 1132 3481 de·

335 3496 343 3515 Ι

117 3494 209 3564 fectis,
227 3513 293 3550 corr.
314 3502 336 3550 Δ
