<?xml version="1.0" encoding="UTF-8"?>
<!DOCTYPE html PUBLIC "-//W3C//DTD XHTML 1.0 Transitional//EN"
    "http://www.w3.org/TR/xhtml1/DTD/xhtml1-transitional.dtd">
<html xmlns="http://www.w3.org/1999/xhtml" xml:lang="en" lang="en">
 <head>
  <title>
</title>
<meta http-equiv="Content-Type" content="text/html;charset=utf-8" />
  <meta name='ocr-system' content='tesseract 3.04.00' />
  <meta name='ocr-capabilities' content='ocr_page ocr_carea ocr_par ocr_line ocrx_word'/>
</head>
<body>
  <div class='ocr_page' id='page_1' title='image "./iuliifirmicimat00mategoog_0213.png"; bbox 0 0 2416 3840; ppageno 0'>
   <div class='ocr_carea' id='block_1_1' title="bbox 142 165 709 230">
    <p class='ocr_par' dir='ltr' id='par_1_1' title="bbox 142 165 709 230">
     <span class='ocr_line' id='line_1_1' title="bbox 142 165 709 230; baseline 0 -12"><span class='ocrx_word' id='word_1_1' title='bbox 142 167 204 230; x_wconf 81' lang='grc'>196</span> <span class='ocrx_word' id='word_1_2' title='bbox 571 165 709 221; x_wconf 79' lang='lat' dir='ltr'>FIRMICI</span> 
     </span>
    </p>
   </div>
   <div class='ocr_carea' id='block_1_2' title="bbox 108 311 1189 2523">
    <p class='ocr_par' dir='ltr' id='par_1_2' title="bbox 108 311 1189 1192">
     <span class='ocr_line' id='line_1_2' title="bbox 108 311 1149 394; baseline -0.001 -17"><span class='ocrx_word' id='word_1_3' title='bbox 108 311 239 377; x_wconf 87' lang='lat' dir='ltr'>3sionis</span> <span class='ocrx_word' id='word_1_4' title='bbox 267 311 407 376; x_wconf 85' lang='lat' dir='ltr'>exhibui.</span> <span class='ocrx_word' id='word_1_5' title='bbox 458 311 497 375; x_wconf 87' lang='lat' dir='ltr'>ln</span> <span class='ocrx_word' id='word_1_6' title='bbox 521 311 588 375; x_wconf 92' lang='lat' dir='ltr'>otio</span> <span class='ocrx_word' id='word_1_7' title='bbox 616 312 726 394; x_wconf 89' lang='lat' dir='ltr'>itaque</span> <span class='ocrx_word' id='word_1_8' title='bbox 755 311 952 376; x_wconf 89' lang='lat' dir='ltr'>constitutus</span> <span class='ocrx_word' id='word_1_9' title='bbox 983 316 1015 375; x_wconf 92' lang='lat' dir='ltr'>et</span> <span class='ocrx_word' id='word_1_10' title='bbox 1037 311 1149 376; x_wconf 86' lang='lat' dir='ltr'>foren-</span> 
     </span>
     <span class='ocr_line' id='line_1_3' title="bbox 139 399 1150 484; baseline 0 -20"><span class='ocrx_word' id='word_1_11' title='bbox 139 402 223 465; x_wconf 88' lang='lat' dir='ltr'><strong>sium</strong></span> <span class='ocrx_word' id='word_1_12' title='bbox 256 401 468 464; x_wconf 71' lang='lat' dir='ltr'><strong>certaminum</strong></span> <span class='ocrx_word' id='word_1_13' title='bbox 499 399 795 484; x_wconf 89' lang='lat' dir='ltr'>depugnationibus</span> <span class='ocrx_word' id='word_1_14' title='bbox 824 400 997 482; x_wconf 77' lang='lat' dir='ltr'>liberatae,</span> <span class='ocrx_word' id='word_1_15' title='bbox 1030 405 1150 464; x_wconf 91' lang='lat' dir='ltr'>exutus</span> 
     </span>
     <span class='ocr_line' id='line_1_4' title="bbox 139 487 1151 574; baseline 0 -22"><span class='ocrx_word' id='word_1_16' title='bbox 139 490 238 553; x_wconf 89' lang='lat' dir='ltr'>etiam</span> <span class='ocrx_word' id='word_1_17' title='bbox 262 489 498 573; x_wconf 87' lang='lat' dir='ltr'>quodammodo</span> <span class='ocrx_word' id='word_1_18' title='bbox 521 489 660 553; x_wconf 80' lang='lat' dir='ltr'>invidiae</span> <span class='ocrx_word' id='word_1_19' title='bbox 684 487 808 574; x_wconf 84' lang='lat' dir='ltr'>laqueis</span> <span class='ocrx_word' id='word_1_20' title='bbox 831 488 990 572; x_wconf 85' lang='lat' dir='ltr'>improbis</span> <span class='ocrx_word' id='word_1_21' title='bbox 1015 510 1052 552; x_wconf 85' lang='lat' dir='ltr'>ac</span> <span class='ocrx_word' id='word_1_22' title='bbox 1077 511 1151 574; x_wconf 89' lang='lat' dir='ltr'>per-</span> 
     </span>
     <span class='ocr_line' id='line_1_5' title="bbox 138 576 1149 660; baseline 0.002 -20"><span class='ocrx_word' id='word_1_23' title='bbox 138 578 211 641; x_wconf 91' lang='lat' dir='ltr'>fidis</span> <span class='ocrx_word' id='word_1_24' title='bbox 229 578 417 642; x_wconf 89' lang='lat' dir='ltr'>hominibus</span> <span class='ocrx_word' id='word_1_25' title='bbox 436 599 545 642; x_wconf 89' lang='lat' dir='ltr'>crassa</span> <span class='ocrx_word' id='word_1_26' title='bbox 558 576 681 641; x_wconf 86' lang='lat' dir='ltr'>invidia</span> <span class='ocrx_word' id='word_1_27' title='bbox 696 581 728 640; x_wconf 92' lang='lat' dir='ltr'>et</span> <span class='ocrx_word' id='word_1_28' title='bbox 743 577 897 660; x_wconf 90' lang='lat' dir='ltr'>rapiendi,</span> <span class='ocrx_word' id='word_1_29' title='bbox 916 577 1016 642; x_wconf 92' lang='lat' dir='ltr'>immo</span> <span class='ocrx_word' id='word_1_30' title='bbox 1035 578 1149 660; x_wconf 90' lang='lat' dir='ltr'>potius</span> 
     </span>
     <span class='ocr_line' id='line_1_6' title="bbox 138 665 1189 750; baseline 0.005 -20"><span class='ocrx_word' id='word_1_31' title='bbox 138 666 352 731; x_wconf 90' lang='lat' dir='ltr'>latrocinandi</span> <span class='ocrx_word' id='word_1_32' title='bbox 381 670 542 749; x_wconf 75' lang='lat' dir='ltr'>potestate</span> <span class='ocrx_word' id='word_1_33' title='bbox 573 665 730 750; x_wconf 90' lang='lat' dir='ltr'>permissa</span> <span class='ocrx_word' id='word_1_34' title='bbox 757 667 817 729; x_wconf 91' lang='lat' dir='ltr'>hos</span> <span class='ocrx_word' id='word_1_35' title='bbox 846 666 886 730; x_wconf 87' lang='lat' dir='ltr'>ad</span> <span class='ocrx_word' id='word_1_36' title='bbox 914 670 960 748; x_wconf 92' lang='lat' dir='ltr'>te,</span> <span class='ocrx_word' id='word_1_37' title='bbox 988 665 1149 749; x_wconf 72' lang='lat' dir='ltr'>bellisne,</span> <span class='ocrx_word' id='word_1_38' title='bbox 1178 695 1189 735; x_wconf 87' lang='lat'><strong>5</strong></span> 
     </span>
     <span class='ocr_line' id='line_1_7' title="bbox 140 754 1151 838; baseline 0 -19"><span class='ocrx_word' id='word_1_39' title='bbox 140 756 265 820; x_wconf 90' lang='lat' dir='ltr'>solutus</span> <span class='ocrx_word' id='word_1_40' title='bbox 294 755 382 819; x_wconf 93' lang='lat' dir='ltr'>omni</span> <span class='ocrx_word' id='word_1_41' title='bbox 412 754 639 819; x_wconf 75' lang='lat' dir='ltr'>sollicitudinis</span> <span class='ocrx_word' id='word_1_42' title='bbox 668 776 745 818; x_wconf 87' lang='lat' dir='ltr'>cura</span> <span class='ocrx_word' id='word_1_43' title='bbox 766 755 874 818; x_wconf 85' lang='lat' dir='ltr'>¹libros</span> <span class='ocrx_word' id='word_1_44' title='bbox 905 754 1033 838; x_wconf 81' lang='lat' dir='ltr'>scripsi,</span> <span class='ocrx_word' id='word_1_45' title='bbox 1062 760 1101 819; x_wconf 93' lang='lat' dir='ltr'>ut</span> <span class='ocrx_word' id='word_1_46' title='bbox 1130 777 1151 819; x_wconf 86' lang='lat' dir='ltr'>a</span> 
     </span>
     <span class='ocr_line' id='line_1_8' title="bbox 139 844 1151 927; baseline 0.001 -20"><span class='ocrx_word' id='word_1_47' title='bbox 139 848 268 909; x_wconf 90' lang='lat' dir='ltr'>terrena</span> <span class='ocrx_word' id='word_1_48' title='bbox 287 844 524 927; x_wconf 86' lang='lat' dir='ltr'>quodammodo</span> <span class='ocrx_word' id='word_1_49' title='bbox 544 844 786 908; x_wconf 85' lang='lat' dir='ltr'>conversatione</span> <span class='ocrx_word' id='word_1_50' title='bbox 807 844 968 926; x_wconf 90' lang='lat' dir='ltr'>sepositus</span> <span class='ocrx_word' id='word_1_51' title='bbox 988 866 1027 907; x_wconf 86' lang='lat' dir='ltr'>ex</span> <span class='ocrx_word' id='word_1_52' title='bbox 1046 844 1151 927; x_wconf 90' lang='lat' dir='ltr'>quali-</span> 
     </span>
     <span class='ocr_line' id='line_1_9' title="bbox 140 930 1151 1017; baseline 0 -20"><span class='ocrx_word' id='word_1_53' title='bbox 140 954 277 1016; x_wconf 87' lang='lat' dir='ltr'>cumque</span> <span class='ocrx_word' id='word_1_54' title='bbox 299 936 392 1014; x_wconf 86' lang='lat' dir='ltr'>parte</span> <span class='ocrx_word' id='word_1_55' title='bbox 417 933 456 995; x_wconf 92' lang='lat' dir='ltr'>ad</span> <span class='ocrx_word' id='word_1_56' title='bbox 479 931 647 1016; x_wconf 89' lang='lat' dir='ltr'>purganda</span> <span class='ocrx_word' id='word_1_57' title='bbox 670 932 770 995; x_wconf 91' lang='lat' dir='ltr'>animi</span> <span class='ocrx_word' id='word_1_58' title='bbox 794 930 883 1017; x_wconf 86' lang='lat' dir='ltr'>vitia,</span> <span class='ocrx_word' id='word_1_59' title='bbox 906 953 987 1015; x_wconf 90' lang='lat' dir='ltr'>quae</span> <span class='ocrx_word' id='word_1_60' title='bbox 1014 953 1053 995; x_wconf 86' lang='lat' dir='ltr'>ex</span> <span class='ocrx_word' id='word_1_61' title='bbox 1076 955 1151 1015; x_wconf 84' lang='lat' dir='ltr'>pra·</span> 
     </span>
     <span class='ocr_line' id='line_1_10' title="bbox 139 1019 1151 1104; baseline 0.001 -20"><span class='ocrx_word' id='word_1_62' title='bbox 139 1043 254 1084; x_wconf 87' lang='lat' dir='ltr'>vorum</span> <span class='ocrx_word' id='word_1_63' title='bbox 276 1020 445 1084; x_wconf 91' lang='lat' dir='ltr'>hominum</span> <span class='ocrx_word' id='word_1_64' title='bbox 471 1019 712 1084; x_wconf 86' lang='lat' dir='ltr'>conversatione</span> <span class='ocrx_word' id='word_1_65' title='bbox 736 1023 974 1104; x_wconf 79' lang='lat' dir='ltr'>contraxeram,</span> <span class='ocrx_word' id='word_1_66' title='bbox 1002 1020 1151 1086; x_wconf 81' lang='lat' dir='ltr'>caelesti·</span> 
     </span>
     <span class='ocr_line' id='line_1_11' title="bbox 140 1107 1189 1192; baseline 0.003 -19"><span class='ocrx_word' id='word_1_67' title='bbox 140 1110 200 1173; x_wconf 93' lang='lat' dir='ltr'>bus</span> <span class='ocrx_word' id='word_1_68' title='bbox 225 1131 275 1172; x_wconf 91' lang='lat' dir='ltr'>me</span> <span class='ocrx_word' id='word_1_69' title='bbox 300 1131 337 1172; x_wconf 86' lang='lat' dir='ltr'>ac</span> <span class='ocrx_word' id='word_1_70' title='bbox 361 1108 477 1172; x_wconf 86' lang='lat' dir='ltr'>divinis</span> <span class='ocrx_word' id='word_1_71' title='bbox 502 1107 775 1192; x_wconf 88' lang='lat' dir='ltr'>disputationibus</span> <span class='ocrx_word' id='word_1_72' title='bbox 799 1109 1003 1192; x_wconf 88' lang='lat' dir='ltr'>adplicarem.</span> <span class='ocrx_word' id='word_1_73' title='bbox 1165 1139 1189 1178; x_wconf 78' lang='grc' dir='ltr'>ιο</span> 
     </span>
    </p>

    <p class='ocr_par' dir='ltr' id='par_1_3' title="bbox 110 1195 1186 2080">
     <span class='ocr_line' id='line_1_12' title="bbox 110 1195 1150 1282; baseline 0.002 -22"><span class='ocrx_word' id='word_1_74' title='bbox 110 1197 131 1260; x_wconf 86' lang='grc'>4</span> <span class='ocrx_word' id='word_1_75' title='bbox 229 1196 269 1260; x_wconf 96' lang='lat' dir='ltr'>In</span> <span class='ocrx_word' id='word_1_76' title='bbox 290 1195 352 1261; x_wconf 93' lang='lat' dir='ltr'>hoc</span> <span class='ocrx_word' id='word_1_77' title='bbox 375 1195 485 1280; x_wconf 90' lang='lat' dir='ltr'>itaque</span> <span class='ocrx_word' id='word_1_78' title='bbox 508 1197 593 1261; x_wconf 91' lang='lat' dir='ltr'>libro</span> <span class='ocrx_word' id='word_1_79' title='bbox 617 1197 650 1261; x_wconf 95' lang='lat' dir='ltr'>id</span> <span class='ocrx_word' id='word_1_80' title='bbox 667 1197 812 1280; x_wconf 87' lang='lat' dir='ltr'>principe</span> <span class='ocrx_word' id='word_1_81' title='bbox 830 1197 903 1262; x_wconf 93' lang='lat' dir='ltr'>loco</span> <span class='ocrx_word' id='word_1_82' title='bbox 923 1198 1150 1282; x_wconf 87' lang='lat' dir='ltr'>explicabitur,</span> 
     </span>
     <span class='ocr_line' id='line_1_13' title="bbox 141 1285 1151 1372; baseline 0.001 -23"><span class='ocrx_word' id='word_1_83' title='bbox 141 1287 227 1370; x_wconf 92' lang='lat' dir='ltr'>quod</span> <span class='ocrx_word' id='word_1_84' title='bbox 250 1285 285 1349; x_wconf 90' lang='lat' dir='ltr'>in</span> <span class='ocrx_word' id='word_1_85' title='bbox 302 1285 538 1369; x_wconf 90' lang='lat' dir='ltr'>posterioribus</span> <span class='ocrx_word' id='word_1_86' title='bbox 557 1285 647 1349; x_wconf 91' lang='lat' dir='ltr'>tertii</span> <span class='ocrx_word' id='word_1_87' title='bbox 666 1286 743 1349; x_wconf 93' lang='lat' dir='ltr'>libri</span> <span class='ocrx_word' id='word_1_88' title='bbox 762 1286 910 1370; x_wconf 88' lang='lat' dir='ltr'>partibus</span> <span class='ocrx_word' id='word_1_89' title='bbox 928 1286 1151 1372; x_wconf 87' lang='lat' dir='ltr'>promisimus,</span> 
     </span>
     <span class='ocr_line' id='line_1_14' title="bbox 139 1374 1149 1459; baseline 0.002 -21"><span class='ocrx_word' id='word_1_90' title='bbox 139 1375 224 1439; x_wconf 90' lang='lat' dir='ltr'>idest</span> <span class='ocrx_word' id='word_1_91' title='bbox 246 1374 356 1438; x_wconf 89' lang='lat' dir='ltr'>Lunae</span> <span class='ocrx_word' id='word_1_92' title='bbox 385 1396 496 1439; x_wconf 90' lang='lat' dir='ltr'>omnes</span> <span class='ocrx_word' id='word_1_93' title='bbox 525 1374 648 1459; x_wconf 89' lang='lat' dir='ltr'>species</span> <span class='ocrx_word' id='word_1_94' title='bbox 677 1396 714 1438; x_wconf 91' lang='lat' dir='ltr'>ac</span> <span class='ocrx_word' id='word_1_95' title='bbox 737 1375 875 1458; x_wconf 84' lang='lat' dir='ltr'>formae,</span> <span class='ocrx_word' id='word_1_96' title='bbox 903 1376 1149 1440; x_wconf 86' lang='lat' dir='ltr'>coniunctiones</span> 
     </span>
     <span class='ocr_line' id='line_1_15' title="bbox 141 1462 1150 1549; baseline 0 -21"><span class='ocrx_word' id='word_1_97' title='bbox 141 1465 248 1547; x_wconf 84' lang='lat' dir='ltr'>etiam,</span> <span class='ocrx_word' id='word_1_98' title='bbox 276 1463 486 1527; x_wconf 91' lang='lat' dir='ltr'>defluctiones</span> <span class='ocrx_word' id='word_1_99' title='bbox 510 1468 542 1527; x_wconf 92' lang='lat' dir='ltr'>et</span> <span class='ocrx_word' id='word_1_100' title='bbox 567 1462 720 1547; x_wconf 92' lang='lat' dir='ltr'>quioquid</span> <span class='ocrx_word' id='word_1_101' title='bbox 748 1464 788 1527; x_wconf 90' lang='lat' dir='ltr'>ad</span> <span class='ocrx_word' id='word_1_102' title='bbox 816 1463 884 1528; x_wconf 90' lang='lat' dir='ltr'>eius</span> <span class='ocrx_word' id='word_1_103' title='bbox 912 1464 1054 1528; x_wconf 86' lang='lat' dir='ltr'>numinis</span> <span class='ocrx_word' id='word_1_104' title='bbox 1079 1486 1150 1549; x_wconf 92' lang='lat' dir='ltr'>per-</span> 
     </span>
     <span class='ocr_line' id='line_1_16' title="bbox 140 1551 1186 1637; baseline 0.002 -21"><span class='ocrx_word' id='word_1_105' title='bbox 140 1554 224 1616; x_wconf 89' lang='lat' dir='ltr'>tinet</span> <span class='ocrx_word' id='word_1_106' title='bbox 247 1555 459 1637; x_wconf 79' lang='lat' dir='ltr'>potestatem3</span> <span class='ocrx_word' id='word_1_107' title='bbox 487 1551 649 1616; x_wconf 85' lang='lat' dir='ltr'>Fortunae</span> <span class='ocrx_word' id='word_1_108' title='bbox 674 1551 772 1616; x_wconf 86' lang='lat' dir='ltr'>etiam</span> <span class='ocrx_word' id='word_1_109' title='bbox 799 1553 890 1617; x_wconf 90' lang='lat' dir='ltr'>locus</span> <span class='ocrx_word' id='word_1_110' title='bbox 914 1557 947 1617; x_wconf 92' lang='lat' dir='ltr'>et</span> <span class='ocrx_word' id='word_1_111' title='bbox 970 1552 1149 1637; x_wconf 90' lang='lat' dir='ltr'>daemonis,</span> <span class='ocrx_word' id='word_1_112' title='bbox 1163 1578 1186 1618; x_wconf 79' lang='lat' dir='ltr'>rs</span> 
     </span>
     <span class='ocr_line' id='line_1_17' title="bbox 141 1639 1148 1727; baseline 0.002 -23"><span class='ocrx_word' id='word_1_113' title='bbox 141 1641 308 1725; x_wconf 81' lang='lat' dir='ltr'>geniturae</span> <span class='ocrx_word' id='word_1_114' title='bbox 323 1640 481 1724; x_wconf 92' lang='lat' dir='ltr'>dominus,</span> <span class='ocrx_word' id='word_1_115' title='bbox 501 1663 596 1724; x_wconf 91' lang='lat' dir='ltr'>quem</span> <span class='ocrx_word' id='word_1_116' title='bbox 612 1639 750 1705; x_wconf 80' lang='lat' dir='ltr'>Graeci</span> <span class='ocrx_word' id='word_1_117' title='bbox 770 1642 1004 1724; x_wconf 91' lang='lat' dir='ltr'>oeoodespoten</span> <span class='ocrx_word' id='word_1_118' title='bbox 1020 1647 1148 1727; x_wconf 86' lang='lat' dir='ltr'>vocant,</span> 
     </span>
     <span class='ocr_line' id='line_1_18' title="bbox 142 1729 1148 1815; baseline 0.003 -23"><span class='ocrx_word' id='word_1_119' title='bbox 142 1729 290 1815; x_wconf 83' lang='lat' dir='ltr'>diligenti</span> <span class='ocrx_word' id='word_1_120' title='bbox 314 1729 440 1794; x_wconf 89' lang='lat' dir='ltr'>ratione</span> <span class='ocrx_word' id='word_1_121' title='bbox 464 1729 669 1807; x_wconf 89' lang='lat' dir='ltr'>tractabitur,</span> <span class='ocrx_word' id='word_1_122' title='bbox 693 1729 817 1794; x_wconf 89' lang='lat' dir='ltr'>eteius</span> <span class='ocrx_word' id='word_1_123' title='bbox 841 1731 949 1815; x_wconf 90' lang='lat' dir='ltr'>etiam,</span> <span class='ocrx_word' id='word_1_124' title='bbox 975 1730 1030 1814; x_wconf 91' lang='lat' dir='ltr'>qui</span> <span class='ocrx_word' id='word_1_125' title='bbox 1055 1735 1148 1796; x_wconf 89' lang='lat' dir='ltr'>actus</span> 
     </span>
     <span class='ocr_line' id='line_1_19' title="bbox 142 1818 1149 1903; baseline 0.003 -22"><span class='ocrx_word' id='word_1_126' title='bbox 142 1819 293 1903; x_wconf 88' lang='lat' dir='ltr'>decernit,</span> <span class='ocrx_word' id='word_1_127' title='bbox 316 1818 476 1882; x_wconf 84' lang='lat' dir='ltr'>efficacias</span> <span class='ocrx_word' id='word_1_128' title='bbox 500 1818 681 1902; x_wconf 77' lang='lat' dir='ltr'>explicabo,</span> <span class='ocrx_word' id='word_1_129' title='bbox 706 1818 762 1883; x_wconf 91' lang='lat' dir='ltr'>sed</span> <span class='ocrx_word' id='word_1_130' title='bbox 785 1822 818 1882; x_wconf 92' lang='lat' dir='ltr'>et</span> <span class='ocrx_word' id='word_1_131' title='bbox 840 1819 952 1902; x_wconf 91' lang='lat' dir='ltr'>plenas</span> <span class='ocrx_word' id='word_1_132' title='bbox 975 1823 1088 1903; x_wconf 90' lang='lat' dir='ltr'>partes</span> <span class='ocrx_word' id='word_1_133' title='bbox 1113 1841 1149 1884; x_wconf 86' lang='lat' dir='ltr'>ao</span> 
     </span>
     <span class='ocr_line' id='line_1_20' title="bbox 141 1907 1148 1992; baseline 0.001 -21"><span class='ocrx_word' id='word_1_134' title='bbox 141 1929 258 1971; x_wconf 79' lang='lat' dir='ltr'>vacuas</span> <span class='ocrx_word' id='word_1_135' title='bbox 278 1929 450 1991; x_wconf 89' lang='lat' dir='ltr'>earumque</span> <span class='ocrx_word' id='word_1_136' title='bbox 469 1908 597 1972; x_wconf 89' lang='lat' dir='ltr'>decreta</span> <span class='ocrx_word' id='word_1_137' title='bbox 616 1907 814 1992; x_wconf 87' lang='lat' dir='ltr'>monstrab0,</span> <span class='ocrx_word' id='word_1_138' title='bbox 833 1908 1028 1972; x_wconf 87' lang='lat' dir='ltr'>masculinas</span> <span class='ocrx_word' id='word_1_139' title='bbox 1048 1909 1148 1973; x_wconf 83' lang='lat' dir='ltr'>etiam</span> 
     </span>
     <span class='ocr_line' id='line_1_21' title="bbox 143 1995 1186 2080; baseline 0.003 -21"><span class='ocrx_word' id='word_1_140' title='bbox 143 2019 179 2061; x_wconf 91' lang='lat' dir='ltr'>ac</span> <span class='ocrx_word' id='word_1_141' title='bbox 193 1996 365 2060; x_wconf 81' lang='lat' dir='ltr'>femininos</span> <span class='ocrx_word' id='word_1_142' title='bbox 380 2000 489 2080; x_wconf 89' lang='lat' dir='ltr'>partes</span> <span class='ocrx_word' id='word_1_143' title='bbox 504 1995 627 2080; x_wconf 89' lang='lat' dir='ltr'>pariter</span> <span class='ocrx_word' id='word_1_144' title='bbox 641 1996 818 2079; x_wconf 87' lang='lat' dir='ltr'>ostendam,</span> <span class='ocrx_word' id='word_1_145' title='bbox 838 2000 871 2059; x_wconf 93' lang='lat' dir='ltr'>et</span> <span class='ocrx_word' id='word_1_146' title='bbox 885 1995 1017 2061; x_wconf 89' lang='lat' dir='ltr'>ultimas</span> <span class='ocrx_word' id='word_1_147' title='bbox 1037 2002 1147 2080; x_wconf 86' lang='lat' dir='ltr'>partes</span> <span class='ocrx_word' id='word_1_148' title='bbox 1162 2023 1186 2062; x_wconf 78' lang='lat' dir='ltr'>so</span> 
     </span>
    </p>

    <p class='ocr_par' dir='ltr' id='par_1_4' title="bbox 112 2083 1187 2523">
     <span class='ocr_line' id='line_1_22' title="bbox 112 2083 1148 2171; baseline 0.003 -23"><span class='ocrx_word' id='word_1_149' title='bbox 112 2083 233 2149; x_wconf 84' lang='lat' dir='ltr'>5Luna</span> <span class='ocrx_word' id='word_1_150' title='bbox 255 2107 367 2149; x_wconf 91' lang='lat' dir='ltr'>rursus</span> <span class='ocrx_word' id='word_1_151' title='bbox 392 2085 536 2169; x_wconf 91' lang='lat' dir='ltr'>accipiet.</span> <span class='ocrx_word' id='word_1_152' title='bbox 582 2083 819 2165; x_wconf 81' lang='lat' dir='ltr'>Omniaenim,</span> <span class='ocrx_word' id='word_1_153' title='bbox 848 2106 929 2168; x_wconf 90' lang='lat' dir='ltr'>quae</span> <span class='ocrx_word' id='word_1_154' title='bbox 951 2083 1148 2171; x_wconf 80' lang='lat' dir='ltr'>Aesculapio</span> 
     </span>
     <span class='ocr_line' id='line_1_23' title="bbox 143 2173 1148 2258; baseline 0.002 -21"><span class='ocrx_word' id='word_1_155' title='bbox 143 2175 353 2238; x_wconf 89' lang='lat' dir='ltr'>Mercurius</span> <span class='ocrx_word' id='word_1_156' title='bbox 368 2173 532 2258; x_wconf 70' lang='lat' dir='ltr'>&#39;seinhnus</span> <span class='ocrx_word' id='word_1_157' title='bbox 552 2173 608 2238; x_wconf 91' lang='lat' dir='ltr'>uix</span> <span class='ocrx_word' id='word_1_158' title='bbox 627 2173 838 2255; x_wconf 80' lang='lat' dir='ltr'>tradiderunt,</span> <span class='ocrx_word' id='word_1_159' title='bbox 857 2196 938 2258; x_wconf 86' lang='lat' dir='ltr'>quae</span> <span class='ocrx_word' id='word_1_160' title='bbox 952 2174 1148 2240; x_wconf 89' lang='lat' dir='ltr'>Petosiris</span> 
     </span>
     <span class='ocr_line' id='line_1_24' title="bbox 143 2261 1149 2348; baseline 0.003 -23"><span class='ocrx_word' id='word_1_161' title='bbox 143 2263 315 2345; x_wconf 80' lang='lat' dir='ltr'>explicavit</span> <span class='ocrx_word' id='word_1_162' title='bbox 338 2269 371 2328; x_wconf 91' lang='lat' dir='ltr'>et</span> <span class='ocrx_word' id='word_1_163' title='bbox 393 2261 425 2327; x_wconf 92' lang='lat' dir='ltr'>N</span> <span class='ocrx_word' id='word_1_164' title='bbox 432 2262 594 2346; x_wconf 90' lang='lat' dir='ltr'>eohepso</span> <span class='ocrx_word' id='word_1_165' title='bbox 618 2266 651 2326; x_wconf 92' lang='lat' dir='ltr'>et</span> <span class='ocrx_word' id='word_1_166' title='bbox 675 2285 756 2346; x_wconf 86' lang='lat' dir='ltr'>quae</span> <span class='ocrx_word' id='word_1_167' title='bbox 775 2261 932 2348; x_wconf 86' lang='lat' dir='ltr'>Abram,</span> <span class='ocrx_word' id='word_1_168' title='bbox 955 2261 1096 2328; x_wconf 90' lang='lat' dir='ltr'>Orfeus</span> <span class='ocrx_word' id='word_1_169' title='bbox 1116 2268 1149 2328; x_wconf 91' lang='lat' dir='ltr'>et</span> 
     </span>
     <span class='ocr_line' id='line_1_25' title="bbox 144 2349 1148 2435; baseline 0.002 -21"><span class='ocrx_word' id='word_1_170' title='bbox 144 2349 386 2416; x_wconf 79' lang='lat' dir='ltr'>Critodemus</span> <span class='ocrx_word' id='word_1_171' title='bbox 417 2351 584 2415; x_wconf 91' lang='lat' dir='ltr'>ediderunt</span> <span class='ocrx_word' id='word_1_172' title='bbox 619 2349 680 2435; x_wconf 87' lang='lat' dir='ltr'>[et]</span> <span class='ocrx_word' id='word_1_173' title='bbox 716 2351 878 2435; x_wconf 87' lang='lat' dir='ltr'>ceterique</span> <span class='ocrx_word' id='word_1_174' title='bbox 910 2372 1021 2417; x_wconf 89' lang='lat' dir='ltr'>omnes</span> <span class='ocrx_word' id='word_1_175' title='bbox 1051 2352 1148 2417; x_wconf 88' lang='lat' dir='ltr'>huius</span> 
     </span>
     <span class='ocr_line' id='line_1_26' title="bbox 144 2437 1187 2523; baseline 0.006 -23"><span class='ocrx_word' id='word_1_176' title='bbox 144 2438 223 2500; x_wconf 90' lang='lat' dir='ltr'>artis</span> <span class='ocrx_word' id='word_1_177' title='bbox 248 2438 315 2521; x_wconf 92' lang='lat' dir='ltr'>scii,</span> <span class='ocrx_word' id='word_1_178' title='bbox 338 2440 481 2521; x_wconf 92' lang='lat' dir='ltr'>perlecta</span> <span class='ocrx_word' id='word_1_179' title='bbox 503 2441 626 2523; x_wconf 91' lang='lat' dir='ltr'>pariter</span> <span class='ocrx_word' id='word_1_180' title='bbox 650 2444 747 2523; x_wconf 90' lang='lat' dir='ltr'>atque</span> <span class='ocrx_word' id='word_1_181' title='bbox 767 2440 903 2505; x_wconf 88' lang='lat' dir='ltr'>collecta</span> <span class='ocrx_word' id='word_1_182' title='bbox 921 2437 955 2504; x_wconf 86' lang='lat' dir='ltr'>et</span> <span class='ocrx_word' id='word_1_183' title='bbox 974 2441 1149 2506; x_wconf 86' lang='lat' dir='ltr'>contrariis</span> <span class='ocrx_word' id='word_1_184' title='bbox 1163 2466 1187 2506; x_wconf 77' lang='lat' dir='ltr'>a</span> 
     </span>
    </p>
   </div>
   <div class='ocr_carea' id='block_1_3' title="bbox 144 2526 1190 3054">
    <p class='ocr_par' dir='ltr' id='par_1_5' title="bbox 144 2526 1190 3054">
     <span class='ocr_line' id='line_1_27' title="bbox 144 2526 1150 2615; baseline 0.005 -26"><span class='ocrx_word' id='word_1_185' title='bbox 144 2526 377 2590; x_wconf 90' lang='lat' dir='ltr'>sententiarum</span> <span class='ocrx_word' id='word_1_186' title='bbox 401 2527 644 2592; x_wconf 86' lang='lat' dir='ltr'>diversitatibus</span> <span class='ocrx_word' id='word_1_187' title='bbox 669 2533 858 2611; x_wconf 89' lang='lat' dir='ltr'>comparata</span> <span class='ocrx_word' id='word_1_188' title='bbox 876 2528 941 2593; x_wconf 91' lang='lat' dir='ltr'>illis</span> <span class='ocrx_word' id='word_1_189' title='bbox 960 2529 1150 2615; x_wconf 91' lang='lat' dir='ltr'>perscripsi-</span> 
     </span>
     <span class='ocr_line' id='line_1_28' title="bbox 144 2615 1151 2684; baseline 0.006 -7"><span class='ocrx_word' id='word_1_190' title='bbox 144 2636 215 2678; x_wconf 93' lang='lat' dir='ltr'>mus</span> <span class='ocrx_word' id='word_1_191' title='bbox 243 2615 336 2678; x_wconf 91' lang='lat' dir='ltr'>libris</span> <span class='ocrx_word' id='word_1_192' title='bbox 369 2615 510 2679; x_wconf 85' lang='lat' dir='ltr'>divinam</span> <span class='ocrx_word' id='word_1_193' title='bbox 539 2616 706 2680; x_wconf 86' lang='lat' dir='ltr'>scientiam</span> <span class='ocrx_word' id='word_1_194' title='bbox 734 2616 890 2682; x_wconf 86' lang='lat' dir='ltr'>Romanis</span> <span class='ocrx_word' id='word_1_195' title='bbox 923 2618 1075 2682; x_wconf 90' lang='lat' dir='ltr'>omnibus</span> <span class='ocrx_word' id='word_1_196' title='bbox 1103 2619 1151 2684; x_wconf 90' lang='lat' dir='ltr'>in·</span> 
     </span>
     <span class='ocr_line' id='line_1_29' title="bbox 144 2703 1149 2788; baseline 0.004 -20"><span class='ocrx_word' id='word_1_197' title='bbox 144 2704 308 2788; x_wconf 78' lang='lat' dir='ltr'>timentes,</span> <span class='ocrx_word' id='word_1_198' title='bbox 330 2708 368 2768; x_wconf 90' lang='lat' dir='ltr'>ut</span> <span class='ocrx_word' id='word_1_199' title='bbox 390 2703 460 2786; x_wconf 91' lang='lat' dir='ltr'>hoc,</span> <span class='ocrx_word' id='word_1_200' title='bbox 484 2705 570 2786; x_wconf 92' lang='lat' dir='ltr'>quod</span> <span class='ocrx_word' id='word_1_201' title='bbox 593 2705 785 2788; x_wconf 90' lang='lat' dir='ltr'>quibusdam</span> <span class='ocrx_word' id='word_1_202' title='bbox 809 2705 1038 2771; x_wconf 89' lang='lat' dir='ltr'>difficillimum</span> <span class='ocrx_word' id='word_1_203' title='bbox 1061 2707 1149 2772; x_wconf 86' lang='lat' dir='ltr'>vide·</span> 
     </span>
     <span class='ocr_line' id='line_1_30' title="bbox 144 2791 1150 2879; baseline 0.004 -23"><span class='ocrx_word' id='word_1_204' title='bbox 144 2794 242 2857; x_wconf 89' lang='lat' dir='ltr'>batur</span> <span class='ocrx_word' id='word_1_205' title='bbox 263 2796 397 2878; x_wconf 91' lang='lat' dir='ltr'>propter</span> <span class='ocrx_word' id='word_1_206' title='bbox 420 2791 528 2856; x_wconf 88' lang='lat' dir='ltr'>Latini</span> <span class='ocrx_word' id='word_1_207' title='bbox 552 2793 710 2857; x_wconf 92' lang='lat' dir='ltr'>sermonis</span> <span class='ocrx_word' id='word_1_208' title='bbox 734 2795 910 2879; x_wconf 82' lang='lat' dir='ltr'>angustias,</span> <span class='ocrx_word' id='word_1_209' title='bbox 934 2799 1066 2860; x_wconf 88' lang='lat' dir='ltr'>ostensa</span> <span class='ocrx_word' id='word_1_210' title='bbox 1087 2795 1150 2860; x_wconf 83' lang='lat' dir='ltr'>Ro</span> 
     </span>
     <span class='ocr_line' id='line_1_31' title="bbox 145 2881 1190 2968; baseline 0.004 -22"><span class='ocrx_word' id='word_1_211' title='bbox 145 2883 232 2946; x_wconf 90' lang='lat' dir='ltr'>mani</span> <span class='ocrx_word' id='word_1_212' title='bbox 256 2881 414 2946; x_wconf 90' lang='lat' dir='ltr'>sermonis</span> <span class='ocrx_word' id='word_1_213' title='bbox 437 2881 568 2946; x_wconf 87' lang='lat' dir='ltr'>licentia</span> <span class='ocrx_word' id='word_1_214' title='bbox 591 2882 675 2946; x_wconf 89' lang='lat' dir='ltr'>veris</span> <span class='ocrx_word' id='word_1_215' title='bbox 699 2904 736 2948; x_wconf 89' lang='lat' dir='ltr'>ao</span> <span class='ocrx_word' id='word_1_216' title='bbox 755 2883 936 2948; x_wconf 87' lang='lat' dir='ltr'>manifestis</span> <span class='ocrx_word' id='word_1_217' title='bbox 955 2884 1150 2968; x_wconf 80' lang='lat' dir='ltr'>interprete·</span> <span class='ocrx_word' id='word_1_218' title='bbox 1164 2910 1190 2950; x_wconf 78' lang='lat' dir='ltr'>eo</span> 
     </span>
     <span class='ocr_line' id='line_1_32' title="bbox 144 2969 514 3054; baseline -0.003 -19"><span class='ocrx_word' id='word_1_219' title='bbox 144 2971 289 3036; x_wconf 89' lang='lat' dir='ltr'>tionibus</span> <span class='ocrx_word' id='word_1_220' title='bbox 313 2969 514 3054; x_wconf 87' lang='lat' dir='ltr'>explicarem.</span> 
     </span>
    </p>
   </div>
   <div class='ocr_carea' id='block_1_4' title="bbox 145 3162 1154 3590">
    <p class='ocr_par' dir='ltr' id='par_1_6' title="bbox 145 3162 1154 3590">
     <span class='ocr_line' id='line_1_33' title="bbox 163 3162 1153 3233; baseline 0.003 -18"><span class='ocrx_word' id='word_1_221' title='bbox 163 3184 164 3188; x_wconf 42' lang='lat'>¹</span> <span class='ocrx_word' id='word_1_222' title='bbox 234 3162 363 3216; x_wconf 77' lang='lat' dir='ltr'>lexibui</span> <span class='ocrx_word' id='word_1_223' title='bbox 380 3169 407 3216; x_wconf 73' lang='grc' dir='ltr'>Η</span> <span class='ocrx_word' id='word_1_224' title='bbox 496 3169 640 3233; x_wconf 82' lang='lat' dir='ltr'>4grassa,</span> <span class='ocrx_word' id='word_1_225' title='bbox 661 3181 727 3219; x_wconf 84' lang='lat' dir='ltr'>corr.</span> <span class='ocrx_word' id='word_1_226' title='bbox 747 3162 777 3217; x_wconf 71' lang='lat' dir='ltr'>A*</span> <span class='ocrx_word' id='word_1_227' title='bbox 868 3164 1100 3219; x_wconf 75' lang='lat' dir='ltr'>olatrocinando</span> <span class='ocrx_word' id='word_1_228' title='bbox 1118 3171 1153 3218; x_wconf 74' lang='grc' dir='ltr'>Ρ·</span> 
     </span>
     <span class='ocr_line' id='line_1_34' title="bbox 145 3233 1153 3305; baseline 0.002 -17"><span class='ocrx_word' id='word_1_229' title='bbox 145 3233 277 3301; x_wconf 72' lang='lat' dir='ltr'>domnis,</span> <span class='ocrx_word' id='word_1_230' title='bbox 297 3239 401 3293; x_wconf 68' lang='lat' dir='ltr'>corno</span> <span class='ocrx_word' id='word_1_231' title='bbox 463 3238 495 3286; x_wconf 95' lang='lat'>10</span> <span class='ocrx_word' id='word_1_232' title='bbox 514 3234 625 3288; x_wconf 90' lang='lat' dir='ltr'>duuinis</span> <span class='ocrx_word' id='word_1_233' title='bbox 644 3241 671 3288; x_wconf 74' lang='grc' dir='ltr'>Η</span> <span class='ocrx_word' id='word_1_234' title='bbox 731 3241 763 3289; x_wconf 87' lang='grc'>16</span> <span class='ocrx_word' id='word_1_235' title='bbox 782 3235 998 3305; x_wconf 87' lang='lat' dir='ltr'>oeoodespotent</span> <span class='ocrx_word' id='word_1_236' title='bbox 1053 3241 1087 3290; x_wconf 88' lang='grc'>19</span> <span class='ocrx_word' id='word_1_237' title='bbox 1107 3252 1153 3290; x_wconf 83' lang='lat' dir='ltr'>es·</span> 
     </span>
     <span class='ocr_line' id='line_1_35' title="bbox 145 3303 1154 3375; baseline 0.005 -18"><span class='ocrx_word' id='word_1_238' title='bbox 145 3323 207 3359; x_wconf 92' lang='lat' dir='ltr'>rum</span> <span class='ocrx_word' id='word_1_239' title='bbox 224 3310 247 3357; x_wconf 83' lang='lat' dir='ltr'>V</span> <span class='ocrx_word' id='word_1_240' title='bbox 328 3311 359 3358; x_wconf 91' lang='grc'>21</span> <span class='ocrx_word' id='word_1_241' title='bbox 380 3303 519 3372; x_wconf 84' lang='lat' dir='ltr'>escolapio</span> <span class='ocrx_word' id='word_1_242' title='bbox 600 3313 633 3359; x_wconf 92' lang='grc'>22</span> <span class='ocrx_word' id='word_1_243' title='bbox 653 3307 809 3360; x_wconf 81' lang='lat' dir='ltr'>emhnusv</span> <span class='ocrx_word' id='word_1_244' title='bbox 832 3309 862 3359; x_wconf 91' lang='lat' dir='ltr'>et</span> <span class='ocrx_word' id='word_1_245' title='bbox 879 3306 1027 3362; x_wconf 84' lang='lat' dir='ltr'>Hanubius</span> <span class='ocrx_word' id='word_1_246' title='bbox 1049 3308 1154 3375; x_wconf 71' lang='lat' dir='ltr'>Teuffel</span> 
     </span>
     <span class='ocr_line' id='line_1_36' title="bbox 145 3374 1152 3448; baseline 0.003 -18"><span class='ocrx_word' id='word_1_247' title='bbox 145 3378 180 3442; x_wconf 83' lang='lat' dir='ltr'>cs.</span> <span class='ocrx_word' id='word_1_248' title='bbox 195 3382 240 3441; x_wconf 81' lang='lat'>91,</span> <span class='ocrx_word' id='word_1_249' title='bbox 256 3388 280 3426; x_wconf 80' lang='lat' dir='ltr'>u</span> <span class='ocrx_word' id='word_1_250' title='bbox 303 3376 306 3445; x_wconf 66' lang='lat' dir='ltr'>l</span> <span class='ocrx_word' id='word_1_251' title='bbox 327 3391 398 3443; x_wconf 83' lang='lat' dir='ltr'>quae</span> <span class='ocrx_word' id='word_1_252' title='bbox 413 3374 558 3446; x_wconf 87' lang='lat' dir='ltr'>Petosiris]</span> <span class='ocrx_word' id='word_1_253' title='bbox 573 3395 598 3445; x_wconf 90' lang='lat' dir='ltr'>q.</span> <span class='ocrx_word' id='word_1_254' title='bbox 614 3396 639 3447; x_wconf 93' lang='lat' dir='ltr'>p.</span> <span class='ocrx_word' id='word_1_255' title='bbox 656 3382 684 3432; x_wconf 88' lang='lat' dir='ltr'>et</span> <span class='ocrx_word' id='word_1_256' title='bbox 698 3377 777 3432; x_wconf 87' lang='lat' dir='ltr'>osiris</span> <span class='ocrx_word' id='word_1_257' title='bbox 845 3383 878 3429; x_wconf 87' lang='grc'>23</span> <span class='ocrx_word' id='word_1_258' title='bbox 897 3378 1021 3448; x_wconf 85' lang='lat' dir='ltr'>nehepso</span> <span class='ocrx_word' id='word_1_259' title='bbox 1035 3382 1081 3447; x_wconf 90' lang='lat' dir='ltr'>(ne</span> <span class='ocrx_word' id='word_1_260' title='bbox 1101 3379 1152 3433; x_wconf 86' lang='lat' dir='ltr'>hso</span> 
     </span>
     <span class='ocr_line' id='line_1_37' title="bbox 145 3446 1154 3518; baseline 0.007 -19"><span class='ocrx_word' id='word_1_261' title='bbox 145 3449 178 3515; x_wconf 80' lang='lat' dir='ltr'>V)</span> <span class='ocrx_word' id='word_1_262' title='bbox 194 3450 199 3516; x_wconf 80' lang='grc' dir='ltr'>Ι</span> <span class='ocrx_word' id='word_1_263' title='bbox 216 3447 371 3500; x_wconf 70' lang='lat' dir='ltr'>abraamu</span> <span class='ocrx_word' id='word_1_264' title='bbox 387 3448 391 3518; x_wconf 71' lang='lat' dir='ltr'>l</span> <span class='ocrx_word' id='word_1_265' title='bbox 408 3446 526 3515; x_wconf 90' lang='lat' dir='ltr'>orpheus</span> <span class='ocrx_word' id='word_1_266' title='bbox 540 3453 594 3501; x_wconf 74' lang='lat' dir='ltr'>HV</span> <span class='ocrx_word' id='word_1_267' title='bbox 657 3456 691 3502; x_wconf 92' lang='grc'>24</span> <span class='ocrx_word' id='word_1_268' title='bbox 710 3452 738 3502; x_wconf 90' lang='lat' dir='ltr'>et</span> <span class='ocrx_word' id='word_1_269' title='bbox 751 3449 801 3502; x_wconf 85' lang='lat' dir='ltr'>del.</span> <span class='ocrx_word' id='word_1_270' title='bbox 816 3466 833 3500; x_wconf 87' lang='lat' dir='ltr'>v</span> <span class='ocrx_word' id='word_1_271' title='bbox 897 3454 930 3502; x_wconf 79' lang='lat'>25</span> <span class='ocrx_word' id='word_1_272' title='bbox 948 3448 1046 3505; x_wconf 72' lang='lat' dir='ltr'>sciiSs&#39;</span> <span class='ocrx_word' id='word_1_273' title='bbox 1105 3466 1154 3505; x_wconf 74' lang='lat' dir='ltr'>sn·</span> 
     </span>
     <span class='ocr_line' id='line_1_38' title="bbox 145 3515 1067 3590; baseline 0.004 -21"><span class='ocrx_word' id='word_1_274' title='bbox 145 3515 210 3571; x_wconf 87' lang='lat' dir='ltr'>tisoi</span> <span class='ocrx_word' id='word_1_275' title='bbox 228 3515 358 3587; x_wconf 81' lang='lat' dir='ltr'>(antiocia</span> <span class='ocrx_word' id='word_1_276' title='bbox 376 3520 409 3587; x_wconf 81' lang='lat' dir='ltr'>v)</span> <span class='ocrx_word' id='word_1_277' title='bbox 426 3520 430 3588; x_wconf 68' lang='lat' dir='ltr'>l</span> <span class='ocrx_word' id='word_1_278' title='bbox 445 3515 551 3586; x_wconf 81' lang='lat' dir='ltr'>puriter</span> <span class='ocrx_word' id='word_1_279' title='bbox 570 3535 619 3574; x_wconf 74' lang='lat' dir='ltr'>orn.</span> <span class='ocrx_word' id='word_1_280' title='bbox 634 3525 676 3583; x_wconf 49' lang='grc' dir='ltr'>Μ,</span> <span class='ocrx_word' id='word_1_281' title='bbox 732 3525 764 3572; x_wconf 88' lang='lat'>31</span> <span class='ocrx_word' id='word_1_282' title='bbox 783 3517 931 3590; x_wconf 86' lang='lat' dir='ltr'>explicare,</span> <span class='ocrx_word' id='word_1_283' title='bbox 950 3537 1017 3575; x_wconf 75' lang='lat' dir='ltr'>corr.</span> <span class='ocrx_word' id='word_1_284' title='bbox 1037 3519 1067 3573; x_wconf 72' lang='lat' dir='ltr'>A&#39;</span> 
     </span>
    </p>
   </div>
   <div class='ocr_carea' id='block_1_5' title="bbox 0 0 1217 3840">
    <p class='ocr_par' dir='ltr' id='par_1_7' title="bbox 0 0 1217 3840">
     <span class='ocr_line' id='line_1_39' title="bbox 0 0 1217 3840; baseline 0 0"><span class='ocrx_word' id='word_1_285' title='bbox 0 0 1217 3840; x_wconf 95' lang='lat' dir='ltr'> </span> 
     </span>
    </p>
   </div>
  </div>
 </body>
</html>
