2416 3840
136 158 180 224 84
577 157 716 213 emmor
759 136 761 140 ’

136 305 244 389 posita
266 304 409 368 violenta
427 300 545 368 Martis
569 303 749 368 radiatione
772 304 928 388 pulsetur.
963 302 1009 368 Et
1031 326 1146 371 rursus

137 393 311 457 antiscium
344 391 479 456 Veneris
517 392 552 456 in
589 391 729 457 Leonem
765 392 901 457 missum
934 391 1075 457 Martem
1111 394 1148 458 in

136 481 282 565 Aquario
297 482 526 546 'constitutum
558 481 593 544 in
619 478 706 546 IMO.
736 482 774 546 dc
801 481 960 546 diametro
988 482 1147 568 respexit3

137 570 193 635 sed
221 591 260 634 ex
287 569 353 634 imo
381 570 471 634 caelo
498 568 587 634 Mars
616 574 685 634 sine
715 570 845 634 antiscii
873 571 999 634 ratione
1023 570 1147 637 Veneri

137 659 295 742 quadrata
318 658 497 723 radiatione
521 657 739 744 coniungitur.
782 658 834 723 Ex
858 659 1008 724 omnibus
1032 659 1173 744 itaques

54 826 57 831 .
137 747 318 812 rationibus
343 752 376 812 et
400 770 457 832 per
479 747 672 831 semetipsos
701 751 734 812 et
755 769 813 832 per
836 748 974 820 antiscia
998 748 1034 812 in
1054 750 1147 833 prin-

138 836 297 921 cipalibus
318 836 501 901 cardinibus
521 835 688 922 geniturae
702 836 813 901 Venus
832 841 866 900 et
883 836 972 901 Mars
991 842 1049 901 aut
1068 859 1148 922 qua-

58 968 61 974 ·
137 924 239 990 dratis
269 929 325 990 aut
352 924 518 989 diametris
542 924 778 990 radiationibus
801 925 933 995 inimico
962 947 996 990 se
1027 948 1146 1013 genere

138 1014 306 1079 societatis
325 1014 514 1099 inpugnant.
558 1014 645 1079 Haec
663 1013 758 1078 illum
778 1013 861 1078 ratio
882 1014 1034 1079 adulterii
1052 1037 1147 1080 reum

88 1102 128 1166 18
138 1101 226 1168 fecit.
262 1101 442 1167 Mercurius
456 1123 532 1166 vero
546 1101 582 1166 in
596 1102 741 1187 Aquario
754 1103 954 1168 constitutus
969 1103 1038 1168 sino
1053 1105 1148 1169 testi·
1161 1128 1186 1167 ro

139 1191 248 1256 monio
271 1191 373 1276 Iovis,
395 1191 429 1256 id
452 1190 556 1255 estin
581 1191 678 1256 domo
703 1189 846 1276 Saturni,
869 1196 903 1256 et
927 1190 1088 1257 Saturnus
1111 1194 1148 1259 in

140 1281 235 1345 domo
260 1279 413 1345 Mercurii
436 1280 645 1345 commutatis
668 1280 807 1345 invicem
835 1279 983 1346 domibus
1011 1281 1150 1347 abscon-

140 1391 249 1434 sarum
267 1370 453 1434 litterarum
477 1369 580 1434 scium
598 1367 730 1434 faciunt.
768 1368 861 1445 Quod
879 1392 955 1434 voro
970 1369 1083 1435 Venus
1108 1372 1148 1436 de

139 1458 246 1523 Tauro
270 1459 305 1522 in
327 1457 468 1522 Leonem
492 1458 583 1522 misit
611 1458 796 1541 antiscium,
823 1459 929 1523 idest
952 1458 987 1522 in
1013 1459 1148 1524 domum

142 1545 241 1631 Solis,
270 1548 361 1612 etin
383 1547 524 1611 medium
548 1548 685 1631 caelum,
713 1548 751 1611 de
779 1546 853 1611 istis
877 1547 1067 1612 criminibus
1093 1549 1150 1613 im·
1164 1570 1188 1611 ιε

89 1635 325 1720 reparatorem
348 1637 383 1700 in
405 1636 498 1700 illum
521 1635 600 1699 fecit
623 1634 819 1701 sententiam
843 1635 956 1701 dicere.
997 1635 1150 1702 Honores

141 1724 190 1788 illi
216 1726 374 1790 maximos
400 1725 434 1789 in
459 1724 516 1789 IX.
541 1725 613 1789 loco
636 1725 671 1788 in
695 1724 791 1789 domo
821 1746 879 1789 sua
906 1725 1002 1808 pleno
1028 1726 1152 1791 lumine

142 1813 234 1879 Luna
253 1814 433 1879 constituta
451 1813 602 1899 decrevit,
625 1814 817 1897 praesertim
840 1812 917 1896 quia
939 1813 973 1877 in
991 1818 1154 1880 nocturna

143 1905 296 1988 genitura
319 1902 513 1967 conditionis
538 1924 614 1967 suae
638 1907 748 1967 secuta
771 1904 969 1986 potestatem
991 1903 1026 1967 in
1045 1905 1152 1968 decer-

143 1994 256 2056 nendis
269 1992 450 2057 honoribus
468 1990 586 2055 habuit
599 1991 831 2076 principatum3
850 1991 1032 2056 doctrinam
1051 1992 1152 2058 etiam
1164 2011 1190 2052 so

144 2085 177 2145 et
195 2086 321 2147 tantam
340 2081 526 2146 litterarum
545 2080 714 2145 scientiam
737 2080 907 2144 inmutatis
927 2081 1078 2145 domibus
1098 2080 1152 2148 Sa-

144 2174 258 2245 turnus
285 2169 529 2254 Mercuriusque
559 2170 782 2251 decreverunt,
814 2174 852 2232 ut
883 2167 988 2233 oratio
1017 2170 1087 2235 eius
1117 2192 1153 2236 ac

92 2254 240 2323 restitus
277 2260 441 2323 veteribus
474 2257 661 2323 auctoribus
694 2258 887 2322 conferatur.
939 2255 1040 2323 Cuius
1072 2259 1153 2325 haec

144 2348 295 2431 genitura
323 2349 379 2429 sit,
407 2347 554 2412 Lolliane
584 2351 678 2412 decus
708 2350 872 2432 nostrum,
905 2345 1027 2431 optime
1054 2347 1153 2413 nosti.

143 2436 304 2500 Tractatio
328 2436 437 2519 itaque
460 2435 512 2499 his
532 2435 691 2499 universis
714 2435 868 2520 invenies,
893 2437 1083 2519 quantavis
1109 2438 1153 2502 sit
1166 2452 1191 2496 aa

144 2524 368 2608 antissiorum3
402 2546 500 2607 quam
533 2523 561 2588 si
589 2524 644 2607 qui
672 2523 822 2609 diligenti
849 2524 948 2589 fuerit
979 2524 1154 2610 disciplina

235 2812 248 2859 1
268 2822 362 2858 rursus
382 2804 406 2858 si
419 2811 473 2857 MV
528 2811 542 2858 2
562 2821 650 2859 uenus
705 2810 720 2857 3
740 2803 827 2857 imum
846 2803 954 2858 caelum
970 2807 974 2874 Ι
990 2805 1155 2876 respexerit,

145 2893 212 2933 corr.
233 2897 250 2930 κ
303 2875 430 2930 4ωθᾶὶο
450 2875 527 2930 caelo
542 2882 569 2929 Μ
585 2878 589 2948 Ι
606 2875 707 2929 antisci
720 2881 768 2927 PR
818 2875 966 2930 tratione
986 2880 1035 2935 αῖ
1092 2881 1158 2933 tet

146 2947 307 3002 cardinibus
326 2949 366 3020 Pi
390 2951 419 3001 et
436 2948 511 3001 Mars
530 2947 573 3019 ἕ]
593 2949 642 3000 aut
660 2963 734 3000 mars
805 2953 821 3000 8
840 2946 997 3001 rationibus
1015 2945 1156 3019 inimicos,

145 3037 213 3076 corr.
232 3017 262 3072 A'
328 3025 361 3072 12
380 3021 567 3072 commutatur
585 3024 646 3071 Plta
715 3024 746 3071 13
766 3017 893 3071 litterum
911 3021 978 3088 1³31
995 3017 1158 3089 antiscium,

145 3109 214 3146 corr.
228 3109 258 3158 v;
277 3090 310 3144 de
322 3090 421 3143 Albini
434 3091 559 3144 doctrino
575 3090 617 3144 01
631 3090 676 3143 VI
686 3093 760 3143 1708
774 3090 868 3143 Boetb.
883 3090 915 3143 io
928 3089 978 3143 Ar.
993 3090 1026 3143 de
1040 3091 1157 3160 impr.

146 3164 197 3217 ΙΙ
254 3167 287 3215 14
306 3161 387 3214 domo
450 3167 482 3214 15
501 3161 700 3230 imperatorum
718 3165 741 3211 V
800 3166 833 3213 16
851 3160 976 3214 Honores
991 3192 1026 3200 -
1040 3166 1075 3214 23
1091 3178 1159 3217 con-

146 3232 252 3287 feratur
274 3234 345 3302 (post
362 3234 387 3286 b.
402 3249 425 3285 v.
444 3239 568 3301 repetunt
586 3233 650 3286 libri
672 3231 751 3284 cuius
769 3231 822 3304 hec
840 3230 970 3301 genitura
989 3230 1027 3285 sit
1049 3231 1159 3301 optime

146 3304 231 3374 nosti)
253 3305 306 3358 buc
327 3305 557 3369 transcurrimus,
584 3321 644 3357 cum
670 3305 702 3356 ire
725 3303 802 3356 libris
825 3309 913 3358 extem
931 3309 994 3372 post
1017 3307 1051 3355 2³
1075 3303 1159 3359 cuius

147 3376 216 3428 haec
232 3408 264 3415 -
280 3380 322 3442 85,
338 3392 349 3428 2
367 3321 444 3428 faliit
461 3374 581 3428 intentio
646 3381 677 3428 17
696 3373 781 3444 plena
798 3372 828 3426 A‘
891 3379 923 3426 21
943 3372 1159 3445 conscientiam,

147 3462 214 3499 corr.
230 3445 259 3498 A'
277 3450 281 3514 Ι
298 3445 446 3504 saturnia
499 3450 533 3498 22
552 3446 617 3526 quc]
636 3444 703 3513 quia
717 3449 791 3504 PQB
845 3450 879 3498 24
897 3442 1017 3498 maxime
1037 3444 1163 3515 optime-

149 3531 203 3582 que
221 3520 242 3575 α
314 3522 347 3570 26
366 3515 485 3571 scicntia
502 3519 532 3571 et
549 3515 699 3587 disciplina
717 3517 758 3587 01
774 3514 799 3568 si
815 3514 878 3584 quis
896 3514 926 3568 A'
