2416 3840
127 154 192 220 250
222 138 224 142 ⁴
563 152 700 207 smmor

126 300 202 365 lime
235 299 397 384 digeraut3
434 298 573 383 <erunt>
605 320 682 363 sane
714 298 749 362 in
785 296 874 362 omni
905 296 975 363 vita
1006 296 1136 365 nobiles

126 389 251 471 mundi,
273 393 307 452 et
330 410 467 472 quorum
490 388 559 452 vita
581 388 708 453 animus
732 389 765 450 et
788 384 977 451 institutum
1000 385 1135 455 musicis

76 480 115 544 18
126 498 252 561 semper
289 476 558 542 delectationibus
594 475 807 540 inhaerescat.
862 472 925 541 Sed
961 474 1043 541 haec
1075 496 1135 560 pro

127 567 294 650 signorum
318 587 355 630 ao
373 565 518 630 locorum
538 565 695 649 qualitate
715 567 831 629 cuncta
850 563 1003 629 decernit.
1042 561 1136 631 Facit

126 655 211 719 euim
238 655 273 719 in
301 655 433 719 deiectis
460 653 541 719 loeis
567 651 677 738 posita
704 658 738 718 et
761 652 930 738 geniturae
953 651 1171 721 domininus

126 743 244 808 sortita
268 743 457 828 organarios
480 742 622 827 pictores
646 743 701 808 sed
720 743 777 826 qui
794 741 941 827 integras
960 762 1136 825 corporum

126 830 352 897 similitudines
379 831 525 916 pingant.
575 830 616 895 Iu
642 830 875 915 principalibus
908 833 1018 895 autem
1047 831 1136 916 geni·

125 924 218 985 turae
245 921 326 985 locis
354 921 462 1005 posita
489 919 586 984 faciet
615 918 720 988 claros
748 923 782 984 et
810 918 1048 984 diadematibus
1077 922 1136 985 aut

126 1010 231 1074 aureis
255 1030 448 1074 coronarum
470 1007 582 1073 infulis
602 1011 784 1092 coronatos,
807 1028 972 1073 sacrarum
989 1005 1134 1092 discipli·

124 1120 238 1163 narum
276 1100 471 1180 repertores,
508 1102 541 1161 et
577 1097 664 1161 viros
701 1096 874 1162 mulierum
911 1100 945 1160 et
980 1095 1134 1163 mulieres
1147 1121 1170 1163 re

75 1187 271 1252 l9virorum
301 1185 396 1250 bonis
429 1186 598 1251 affectibus
632 1184 800 1270 obligabit.
851 1182 914 1249 Sed
946 1184 1135 1269 vespertina

125 1275 316 1339 mulieribus
347 1274 539 1357 opitulatur,
572 1274 734 1339 matutina
765 1296 842 1339 vero
874 1273 967 1360 viris3
998 1274 1061 1341 bac
1094 1295 1134 1340 ex

125 1385 222 1428 eausa
248 1362 386 1428 biforme
413 1385 533 1427 numen
555 1362 692 1428 Veneris
720 1385 790 1428 esse
813 1362 973 1427 dixerunt.
1018 1360 1134 1429 Faciet

124 1451 211 1517 enim
237 1452 391 1517 fecundos
419 1456 452 1517 et
480 1453 584 1516 multa
612 1451 724 1516 subole
753 1451 929 1536 gaudentes
956 1454 990 1515 et
1013 1451 1133 1535 quibus

125 1564 144 1605 a
166 1540 296 1605 filiabus
324 1541 465 1605 maxima
491 1540 618 1605 laetitia
646 1540 844 1624 conferatur,
870 1541 926 1604 sed
948 1539 1030 1604 vitia
1052 1538 1169 1607 facitis

125 1630 210 1694 circa
231 1630 393 1694 naturalia
416 1634 450 1695 et
472 1627 667 1710 necessaria,
695 1632 817 1695 mortes
840 1650 917 1693 vero
940 1632 1035 1693 notas
1059 1628 1135 1715 glo·

124 1718 291 1803 riosssque
324 1719 475 1784 decernit.
528 1717 589 1783 Sed
622 1722 655 1783 et
685 1718 782 1785 huius
815 1717 930 1782 sideris
962 1717 1134 1801 mixturas,

124 1829 197 1871 oum
224 1807 376 1872 habuerit
408 1807 600 1889 dominium,
634 1806 719 1872 sicut
750 1810 931 1872 ceterarum
961 1805 1134 1871 stellarum

123 1894 273 1980 diligenti
305 1897 458 1960 debemus
490 1895 701 1979 inquisitione
734 1895 902 1980 colligere,
934 1892 1132 1961 conditionis

70 1985 224 2050 20etiam
251 1988 456 2069 potestatem.
501 1983 588 2048 Nam
615 1985 644 2049 si
670 1984 705 2047 in
731 1987 891 2049 nocturna
918 1983 1071 2070 geniture
1097 1983 1169 2049 inno

125 2074 238 2156 quinto
271 2075 312 2139 ab
345 2075 528 2157 horoscopo
562 2073 633 2138 looo
666 2073 717 2136 vel
748 2073 784 2137 in
812 2073 981 2137 undecimo
1013 2071 1067 2137 vel
1098 2072 1135 2139 in

122 2162 304 2246 horoscopo
328 2164 378 2227 vel
401 2161 436 2227 in
454 2161 525 2228 Mo.
543 2161 643 2227 fuerit
665 2162 797 2227 inventa
819 2162 871 2227 vel
894 2161 929 2225 in
952 2161 1049 2229 domo
1074 2183 1134 2227 sue

123 2252 174 2315 vel
197 2252 231 2315 in
255 2252 427 2316 altitudine
447 2274 505 2316 sua
523 2251 574 2315 vel
592 2251 627 2316 in
644 2251 764 2316 finibus
785 2250 852 2315 suis
872 2254 905 2315 et
923 2273 943 2314 a
961 2249 1133 2317 deficiente

122 2337 216 2403 Luna
243 2340 421 2405 dominium
449 2341 609 2425 acceperit
636 2344 670 2404 et
697 2362 769 2404 eam
797 2339 944 2423 Iuppiter
970 2340 1054 2405 benc
1076 2361 1133 2424 pc·

124 2427 206 2491 situs
239 2428 400 2513 trigonioa
432 2428 611 2493 radiatione
644 2428 798 2512 respiciat
829 2428 880 2493 vel
909 2427 938 2492 si
963 2425 1059 2493 Luna
1091 2428 1169 2495 sdss

123 2537 194 2580 eam
223 2517 290 2580 sine
319 2517 507 2581 testimonio
537 2515 670 2582 Saturni
700 2517 823 2583 feratur
851 2517 979 2582 minuta
1000 2515 1132 2583 lumini·

122 2605 197 2685 bus,
229 2626 342 2675 aureas
373 2610 559 2688 praetextas
592 2608 626 2670 et
658 2606 879 2671 consularium
909 2604 1050 2671 fascium
1078 2606 1133 2673 de·

69 2693 226 2760 2lcernit
253 2692 403 2779 insignia.
454 2692 489 2758 si
517 2715 593 2759 vero
626 2694 723 2758 istam
751 2694 1013 2760 coniunctionem
1040 2693 1132 2761 Mars

122 2782 284 2868 trigonioa
311 2783 489 2848 radiatione
522 2783 715 2868 respexerit,
747 2804 820 2847 cum
847 2782 920 2848 istis
948 2783 1131 2849 honoribus

123 2872 221 2936 etiam
248 2871 409 2957 insignem
436 2872 610 2956 potestatis
638 2871 805 2937 licentiam
837 2877 870 2936 et
897 2872 1131 2956 proconsulare
1143 2898 1169 2939 ro

121 2959 261 3046 largitur
282 2961 468 3045 imperium,
495 2961 689 3046 praesertim
717 2961 744 3025 si
767 2959 855 3026 Mars
883 2960 919 3025 in
945 2960 1042 3026 domo
1072 2983 1132 3026 sua

122 3049 171 3114 vel
197 3050 229 3113 in
257 3050 352 3114 domo
376 3049 463 3114 Iovis
486 3049 586 3113 fuerit
613 3050 763 3114 inventus
786 3051 838 3115 vel
861 3049 1038 3114 infinibus
1063 3051 1131 3117 suis

211 3229 224 3276 1
245 3222 376 3293 digerent
392 3225 442 3347 Hp
455 3223 543 3292 suppl.
559 3244 575 3277 κ
648 3228 663 3276 ὅ
683 3223 757 3277 enim
776 3240 825 3278 om.
840 3228 868 3276 11
889 3225 892 3294 Ι
918 3222 1051 3294 genitura
1068 3229 1097 3277 1

122 3300 137 3349 6
156 3294 275 3363 pistores
289 3299 357 3346 113⁵
373 3301 377 3356 ι
394 3311 422 3348 se
456 3296 494 3366 11]
509 3296 538 3348 et
551 3299 598 3346 PR
635 3301 650 3347 9
666 3295 823 3365 coronatos]
838 3298 955 3350 conatus
968 3299 996 3347 Ι
1011 3297 1016 3367 Ι
1033 3295 1134 3351 discri-

120 3364 259 3419 minarum
281 3364 494 3434 disciplinarum
511 3371 538 3418 11
628 3371 661 3418 10
685 3369 714 3419 et
736 3364 864 3419 mulieres
887 3365 1011 3421 uiromm
1034 3383 1084 3422 om.
1104 3373 1135 3423 Ι

123 3440 153 3489 11
175 3435 315 3505 obligauit
332 3442 401 3489 112³
417 3441 421 3504 1
438 3437 503 3507 Sed]
524 3435 587 3489 Sir
661 3442 693 3490 15
712 3436 845 3491 filialibus
864 3443 892 3490 Ι
968 3443 1002 3491 17
1021 3438 1133 3507 syderis

122 3505 127 3577 l
147 3505 269 3560 mixtura
287 3507 350 3559 rub
422 3512 456 3560 30
474 3506 670 3577 proconsulare
689 3513 716 3560 11
