2408 3840
508 172 534 224 Π
550 131 662 240 1,.3-3,
677 187 697 226 a.
1063 170 1109 232 43

97 318 202 384 linum
226 289 289 402 est,
316 317 405 382 aliud
427 316 633 402 femininum,
664 315 749 401 quod
771 320 809 380 ut
833 315 1038 386 manifestius
1060 316 1107 381 in·

98 407 211 492 tellegi
234 406 348 490 possit,
372 406 482 471 omnia
500 405 684 489 specialiter
705 405 910 488 explicemus.
947 404 1138 472 Saturnus5

97 496 198 560 lrabet
216 495 417 560 domicilium
435 495 470 559 in
488 494 634 578 Aquario
653 498 686 558 et
705 491 912 579 Capricorno,
930 516 970 558 ex
989 493 1107 579 quibus

97 584 262 669 Aquarius
299 584 515 649 masculinum
552 587 615 665 est,
652 580 869 665 Capricornus
905 581 1106 647 femininum.

73 673 247 758 sluppiter
273 673 309 737 in
333 671 513 758 Sagittario
541 679 574 736 et
596 671 747 737 Piscibus
774 670 875 736 habet
897 671 1108 754 domicilium,
1144 684 1146 688 '

99 762 154 828 sed
182 785 221 826 ex
243 762 296 826 his
323 783 424 827 unum
448 760 663 826 masculinum
686 765 749 843 est,
778 759 990 845 Sagittarius,
1017 760 1107 824 ferni·

98 851 212 916 ninum
234 873 311 916 vero
334 849 453 915 Pisces.
499 849 588 914 Mars
613 850 649 913 in
673 849 783 913 Ariete
811 853 844 913 et
871 849 907 914 in
931 847 1107 933 Scorpione

99 939 500 1023 domicilium'collocavit,
518 939 690 1023 exquibus
709 937 924 1003 masculinum
939 941 988 1002 est
1004 937 1108 1020 Aries,
1196 976 1198 979 -

99 1029 291 1093 femininum
315 1027 477 1112 Scorpius.
521 1026 659 1092 Veneris
681 1028 797 1091 domus
821 1031 898 1090 sunt
920 1026 1046 1091 Taurus
1074 1031 1109 1091 et

59 1145 85 1184 ιο
100 1116 207 1200 Libra,
230 1139 269 1182 ex
293 1117 411 1201 quibus
431 1117 535 1182 Libra.
549 1116 765 1181 masculinum
784 1117 915 1201 siguum
933 1120 993 1199 est,
1015 1114 1107 1180 femi-

100 1207 210 1271 ninum
232 1228 309 1270 vero
332 1205 468 1270 Taurus.
513 1204 694 1270 Mercurius
722 1204 925 1270 domicilium
946 1204 1048 1268 habet
1073 1204 1109 1268 in

99 1294 244 1360 Geminis
276 1299 309 1359 et
337 1293 487 1380 Virgine,
519 1316 558 1359 ex
586 1294 704 1378 quibus
734 1291 946 1358 Geminorum
978 1293 1109 1377 quidem

98 1384 228 1470 signum
251 1383 468 1449 masculinum
491 1389 552 1466 est,
575 1381 722 1468 Virginis
746 1404 823 1447 vero
846 1380 1050 1446 femininum.

97 1594 155 1659 lll.
191 1594 250 1659 DE}
285 1593 628 1662 ALTITUDINIBUS
665 1595 723 1659 ΕΤ
758 1591 1129 1690 DEIEOTIONIBUS

59 1726 85 1768 a
364 1697 366 1701 ’
468 1699 743 1766 STELLARUM.

187 1840 277 1906 Scire
313 1843 413 1907 etiam
449 1842 655 1906 altitudinem
692 1847 724 1907 et
760 1843 1022 1909 humiliationem
1055 1842 1135 1907 del

98 1933 219 2013 bernus,
242 1953 324 2015 quae
348 1931 414 1995 sint
433 1931 603 1995 stellarum
622 1931 812 1996 altitudines
836 1932 1048 2017 singularum,
1070 1930 1106 1994 in

98 2019 216 2103 quibus
238 2020 381 2084 naturali
404 2020 543 2104 quadam
567 2019 769 2085 sublimitate
789 2020 1023 2106 magnitudinis
1047 2019 1108 2083 eri·

97 2113 232 2193 guntur,
265 2112 298 2173 et
331 2131 413 2193 quae
448 2109 514 2173 sint
548 2129 660 2172 earum
687 2109 898 2193 deiectiones,
927 2108 961 2172 in
990 2108 1107 2192 quibus

56 2224 82 2264 ιο
97 2198 294 2262 constitutae
318 2219 473 2282 oppressa
492 2197 696 2262 auctoritatis
716 2219 793 2262 suae
816 2200 980 2281 potestate
1004 2197 1108 2261 minu·

97 2289 202 2349 untur.
247 2285 287 2351 Iu
315 2286 558 2351 altitudinibus
575 2287 686 2372 itaque
714 2287 783 2351 suis
813 2286 955 2371 gaudent
990 2286 1138 2363 consti-2

96 2376 196 2462 tutae,
213 2379 246 2439 et
263 2382 340 2440 tunc
359 2376 518 2440 maximae
533 2375 701 2441 felicitatis
721 2375 937 2440 decernuntur
954 2375 1106 2458 insignia,

96 2463 246 2547 quotiens
265 2464 300 2528 in
318 2463 477 2549 genituris
491 2465 661 2528 hominum
679 2464 821 2528 maxima
839 2465 1010 2528 stellarum
1028 2485 1104 2547 pars

96 2552 258 2635 partiliter
277 2553 488 2617 altitudinum
508 2575 639 2617 suarum
659 2553 755 2638 signa
771 2552 984 2637 possederint.
1013 2550 1105 2616 Tunc

54 2666 81 2707 aa
97 2661 171 2704 vero
203 2640 351 2706 homines
383 2641 613 2706 infelicitatum
645 2641 834 2708 infortuniis
867 2641 1106 2726 opprimuntur,

97 2728 246 2814 quotiens
270 2730 440 2794 stellarum
458 2752 533 2815 pars
553 2731 695 2794 maxima
717 2730 821 2794 inhia
844 2730 1009 2814 partiliter
1032 2751 1104 2794 con·

96 2817 213 2882 stituta
236 2817 344 2901 fuerit,
366 2820 401 2883 in
424 2820 542 2903 quibus
564 2818 681 2884 humili
700 2819 879 2884 deiectione
902 2819 1042 2883 multum
1066 2818 1105 2882 de

83 2912 156 2970 ‘sua
168 2911 331 2991 potestate
350 2907 529 2972 dimittunt.
562 2907 766 2972 Altitudines
784 2912 894 2972 autem
908 2907 1014 2973 diotae
1029 2907 1138 2971 sunt3

96 2995 139 3059 ob
162 2995 238 3076 hoc,
262 2997 365 3080 quod,
396 3018 470 3061 cum
493 2996 527 3060 in
549 2996 623 3080 ipsa
643 3002 738 3080 parte
765 2996 888 3062 fuerint
916 2996 1045 3078 stellae,
1073 2995 1107 3058 in

51 3112 82 3153 so
97 3105 161 3168 qua
189 3084 389 3170 exaltantur,
415 3086 450 3149 in
478 3086 648 3168 oportunis
678 3085 802 3150 scilicet
830 3083 999 3170 geniturae
1027 3083 1108 3147 locis

187 3240 326 3311 diupiter
342 3247 389 3294 BV
463 3248 584 3294 tanum
602 3259 652 3296 om.
672 3242 701 3294 A'
777 3243 844 3296 tole
861 3242 960 3308 formis
977 3238 1109 3309 Scorpius

96 3318 123 3368 et
140 3311 192 3366 Sco
226 3311 255 3366 io
273 3314 345 3367 uuir
358 3319 532 3382 praestamus
605 3319 638 3366 10
656 3312 769 3384 signum
787 3330 837 3368 om.
856 3318 880 3364 v
952 3317 986 3366 19
1006 3313 1110 3365 sunt?

96 3387 131 3437 21
151 3399 207 3454 gau
228 3386 319 3452 entes,
343 3401 411 3439 cerr.
430 3401 464 3437 κσ
486 3383 612 3453 gaudent
634 3400 696 3438 csse
714 3385 867 3439 Mommsen
900 3384 904 3454 l
938 3381 1110 3437 constitutae

95 3469 148 3510 ont.
166 3458 190 3504 V
280 3461 313 3508 26
331 3454 461 3525 partibus
479 3474 497 3507 a
586 3460 619 3508 27
643 3454 729 3509 fuerit
751 3454 839 3526 signis
858 3455 950 3510 Parta.
1027 3457 1065 3508 28
1080 3453 1110 3507 lc

96 3526 143 3596 (a
158 3527 258 3594 auum)
277 3533 302 3582 et
323 3543 357 3582 ss.
378 3528 473 3580 autem
491 3544 510 3580 a
527 3527 584 3580 cd?
604 3527 685 3596 (idem
703 3533 747 3596 44,
760 3531 822 3592 sl?
