2408 3840
126 162 189 228 118
561 162 700 217 rrarncr

123 311 364 392 consequantur
391 312 425 373 et
453 307 509 392 qui
538 307 603 373 sint
632 329 757 392 semper
784 313 954 375 venustate
984 313 1134 396 corporis

73 399 114 463 14
125 397 220 482 grati.
258 395 292 460 Si
311 418 388 462 vero
407 419 465 482 per
484 397 569 462 diem
587 396 676 462 Mars
698 398 733 461 in
752 398 867 482 quinto
887 399 928 463 ab
947 400 1134 485 horoscopo

123 486 195 550 loco
219 485 319 550 fuerit
342 487 552 568 constitutus,
573 485 808 570 patrimonium
826 487 894 552 eius
918 488 1135 554 labefactabit

122 578 156 638 ct
174 575 375 640 domicilium
398 576 583 659 frequenter
602 579 708 640 mutat
731 579 764 639 et
786 580 920 659 propter
942 577 1134 661 infortunia,

122 685 204 746 quae
229 664 259 727 ei
282 663 440 747 accidunt,
462 664 642 748 peregrinis
663 686 790 747 semper
809 665 997 749 regionibus
1017 667 1133 731 immo·
1159 692 1171 733 s

121 755 227 837 ratur;
250 754 312 817 erit
332 758 441 817 autem
459 753 493 817 in
511 753 665 835 periculis
684 774 750 816 non
769 752 903 818 modicis
922 756 1132 821 constitutus.

123 838 158 905 Si
182 864 257 907 vero
281 841 328 907 sic
350 843 495 925 positum
517 863 576 926 per
598 841 683 904 diem
702 840 843 905 Martem
865 842 945 907 haec
969 844 1057 907 mala
1080 846 1133 909 de-

121 935 307 994 cernentem
325 929 472 1013 Iuppiter
496 935 552 994 aut
569 929 679 994 Venus
702 931 753 994 vel
777 931 874 995 simul
898 954 971 996 cunr
993 954 1031 997 eo
1057 955 1131 998 con·

121 1017 230 1082 stituti
249 1018 300 1082 vel
320 1019 358 1082 de
377 1018 508 1103 trigono
527 1019 578 1082 vel
598 1019 636 1082 de
655 1040 801 1103 exagonc
826 1041 899 1083 eum
918 1023 1131 1103 respexerint,

120 1106 211 1169 lucra
226 1106 366 1171 maxima
380 1129 419 1170 ex
433 1107 676 1191 peregrinitatis
691 1107 896 1172 incommodo
912 1115 1131 1194 consequetur
1145 1137 1170 1177 10

69 1194 154 1262 15εὴ
177 1193 242 1258 cito
268 1195 306 1259 de
329 1217 463 1282 peregre
487 1196 693 1260 revocabitur
721 1197 761 1260 ad
788 1197 936 1279 patriam.
983 1197 1131 1264 Metuen-

121 1283 198 1347 dum
221 1287 271 1347 est
295 1287 413 1368 autem,
437 1284 588 1368 quotiens
612 1284 658 1350 sic
681 1307 740 1368 per
763 1285 848 1349 diem
873 1286 1072 1352 constitutus
1096 1288 1131 1354 in
1163 1286 1167 1293 ’

119 1372 278 1437 diametro
301 1373 453 1438 habuerit
476 1371 602 1437 Lunam
626 1374 783 1439 crescenti
806 1374 942 1459 lumine3
969 1377 1129 1441 maximos

120 1461 206 1525 eninr
230 1462 358 1527 labores
378 1461 494 1527 indicit
517 1466 550 1526 et
568 1462 651 1527 tales
671 1467 773 1544 actus,
795 1467 832 1526 ut
851 1463 891 1526 ad
909 1462 1130 1530 imitationem

64 1625 65 1629 Ἰ
119 1549 288 1616 servitutis
313 1552 475 1617 accedant.
511 1549 599 1615 Nam
621 1556 654 1616 et
674 1550 702 1616 si
720 1550 799 1615 felix
817 1574 887 1615 esse
911 1553 998 1616 visus
1018 1553 1130 1638 fuerit,
1145 1580 1169 1621 15

119 1639 195 1704 talis
224 1640 293 1704 eius
322 1640 384 1704 erit
410 1639 565 1722 felicitas,
592 1644 629 1704 ut
657 1661 783 1724 semper
810 1640 934 1704 alienae
960 1642 1129 1707 subiaceat

118 1729 289 1810 potestati3
312 1729 392 1793 facit
415 1729 501 1793 enim
525 1728 708 1793 adsessores
731 1728 874 1793 iudicum
895 1729 1128 1817 maximorum3

118 1818 341 1888 accusationes
364 1816 540 1882 seditiones
563 1819 677 1883 turbas
701 1817 819 1881 damna
841 1817 939 1883 faciet
963 1823 996 1882 et
1015 1842 1129 1903 repen-

118 1905 189 1970 tina
220 1905 363 1990 pericula
400 1911 433 1971 εὴ
470 1929 509 1971 ex
541 1907 650 1991 aliqua
682 1907 827 1990 corporis
862 1911 955 1990 parte
994 1908 1128 1993 debiles,

118 1992 282 2060 interdum
303 1995 446 2060 insanias
475 2000 508 2060 et
535 1996 708 2080 languores
738 1995 821 2059 tales
844 1995 937 2080 facit,
963 2000 1000 2061 ut
1023 1996 1127 2063 nimio
1142 2025 1169 2064 20

117 2081 219 2148 febris
239 2086 351 2150 ardore
371 2084 478 2150 adusti
497 2085 537 2149 ad
555 2084 716 2148 insaniam
734 2084 981 2149 transferantur.
1013 2084 1129 2152 Faciet

118 2172 217 2236 etiam
243 2175 371 2238 vincula
402 2195 546 2238 carceres
580 2177 612 2237 et
645 2173 822 2255 custodias,
853 2173 915 2238 nisi
949 2174 1127 2256 respiciens

117 2259 264 2342 Iuppiter
289 2262 413 2326 Lunam
440 2263 474 2326 in
502 2261 661 2326 diametro
684 2259 801 2325 Martis
830 2262 1045 2327 constitutam
1073 2265 1128 2328 vel

117 2348 226 2431 ipsum
253 2349 393 2414 Martem
425 2351 569 2433 ipsarum
603 2349 826 2414 calamitatum
858 2351 1006 2415 miserias
1039 2353 1127 2416 miti-

118 2437 213 2520 garit.
261 2437 555 2523 Quotienscumque
583 2439 669 2501 enim
696 2437 743 2501 sio
769 2437 896 2520 positos
919 2438 1060 2505 Martem
1087 2463 1126 2506 ac
1141 2466 1168 2507 25

117 2523 408 2610 Lunamluppiter
427 2527 607 2591 radiatione
626 2527 812 2610 respexerit,
836 2549 891 2592 eos
914 2529 969 2610 qui
988 2529 1035 2592 sic
1052 2531 1125 2595 nati

116 2613 239 2678 fuerint
261 2614 337 2696 <in>
357 2615 506 2679 maximis
525 2615 678 2699 periculis
697 2616 880 2702 constituit,
903 2616 959 2681 sed
979 2619 1127 2683 omnium

116 2703 278 2786 praesidio
311 2704 498 2787 desperatos
531 2704 708 2788 repentinis
740 2703 820 2768 facit
852 2704 999 2790 Iuppiter
1034 2729 1127 2790 prae-

117 2791 208 2856 sidiis
236 2793 376 2857 liberari.
422 2791 524 2858 Filios
557 2792 657 2857 etiam
689 2815 746 2876 per
774 2794 860 2859 diem
890 2796 925 2859 in
955 2795 1017 2860 hoc
1051 2797 1125 2862 loco

118 2881 328 2964 constitutus
342 2882 410 2946 sine
433 2882 622 2947 testimonio
646 2880 734 2946 Iovis
758 2883 940 2969 denegabit.
1142 2912 1168 2950 ao

176 3149 179 3153 A
208 3097 220 3144 1
241 3090 400 3145 uenustatis
419 3091 555 3161 (statutis
570 3094 602 3161 n)
621 3091 792 3162 corporibus,
811 3111 877 3148 corr.
893 3110 931 3146 κσ
943 3092 1081 3164 (venustis
1092 3098 1127 3165 A)

117 3161 321 3232 5preregrinis
344 3168 367 3214 R
439 3161 595 3217 6m0dicis
618 3165 683 3234 HA]
707 3161 854 3217 inmodicis
877 3169 951 3216 ΡΠ
1024 3172 1127 3220 9exa-

117 3238 232 3303 gonav
305 3239 338 3286 10
357 3236 386 3288 et
403 3252 430 3303 p.
444 3232 629 3301 incommoda,
647 3252 714 3288 corr.
730 3233 759 3287 A'
834 3240 867 3286 14
885 3233 986 3288 indicit
1004 3239 1033 3290 et
1049 3237 1126 3309 saul]

117 3303 217 3363 incitet
234 3306 237 3375 l
253 3307 286 3357 ut
301 3305 377 3377 Sitti]
396 3308 446 3359 aut
496 3311 529 3359 16
544 3308 577 3359 ut
589 3306 617 3376 a]
633 3309 683 3360 aut
699 3309 702 3374 Ι
719 3304 853 3371 subiacet,
867 3321 934 3359 corr.
950 3325 967 3358 a
1017 3314 1051 3361 20
1065 3308 1128 3362 lan-

117 3391 199 3443 gores
213 3381 264 3428 RV
333 3383 364 3430 21
381 3377 479 3431 ardore
494 3377 521 3447 c]
539 3375 636 3430 labore
697 3382 730 3431 22
748 3377 811 3443 sort.
826 3374 945 3428 carceris
959 3379 993 3444 cf.
1004 3379 1061 3432 III
1072 3384 1098 3447 7,
1114 3391 1127 3430 7

116 3446 355 3517 1V13,10.14,1
440 3446 583 3517 adposito
601 3450 683 3501 mart.
707 3464 740 3500 ac
762 3446 841 3500 luna.
865 3462 926 3499 cor*
952 3469 969 3500 a
1042 3455 1076 3503 27
1095 3450 1126 3503 in

117 3519 181 3573 add.
201 3541 218 3574 κ
291 3524 324 3573 28
342 3518 483 3588 praesidio
502 3518 545 3591 A‘]
564 3517 688 3588 periculo
