2416 3840
125 158 151 210 X
573 159 668 213 Index,

196 301 267 355 XIX.
287 302 328 355 De
347 302 463 356 deiectis
481 301 558 357 Iocis.

207 389 265 444 XX.
285 390 326 443 De
345 389 442 444 ordine
460 391 592 444 locorum.

194 479 265 532 XXI.
285 479 326 532 De
345 479 492 533 duodecim
510 479 635 533 locorum
652 476 850 548 potestatibus.

180 567 266 623 XXII.
285 568 326 622 De
344 568 504 622 nominibus
523 567 671 621 duodecim
683 567 808 620 locorum
821 569 851 620 et
864 566 932 634 quid
947 566 1004 620 sint
1017 567 1137 622 sortitae

99 671 111 708 5
285 660 314 711 et
332 658 536 727 apotelesmata
554 657 686 726 ipsarum.

169 747 266 801 XXIII.
285 747 327 801 De
346 746 484 815 qualitate
503 745 703 816 geniturarum.

167 835 264 891 XXIV.
283 836 325 890 De
340 835 484 890 diametris
498 835 616 905 trigonis
631 835 777 905 quadratis
792 833 946 905 hexagonis
961 837 990 888 et
1002 835 1134 905 ableptis.

178 925 262 979 XXV.
282 925 323 979 De
343 924 429 995 signis
449 924 550 993 quibus
568 923 698 994 partibus
717 923 840 994 corporis
861 923 918 977 sint
936 922 1083 978 attributa.

166 1012 264 1065 XXVI.
284 1011 351 1077 Quis
371 1012 439 1066 deus
458 1016 527 1082 quot
546 1029 633 1066 annos
651 1011 726 1066 vitae
745 1011 886 1065 decernat.

86 1116 111 1154 10
153 1101 264 1155 XXVII.
283 1101 324 1155 De
343 1104 500 1171 temporum
518 1101 639 1155 dominc.

143 1190 267 1244 XXVIII.
286 1190 328 1244 De
346 1189 483 1245 divisione
501 1194 665 1260 temporum.

170 1279 267 1332 XXIX.
286 1279 328 1332 De
347 1279 413 1332 anni
432 1278 577 1333 divisione.

180 1368 264 1422 XXX.
284 1367 326 1421 De
343 1367 465 1422 numeris
485 1367 666 1422 antisciorum
685 1371 714 1422 et
733 1369 912 1438 apotelesma.

126 1492 265 1546 Tertius
283 1493 374 1547 liber
391 1492 445 1546 hoc
461 1493 558 1547 habet.

86 1594 111 1634 15
247 1581 267 1635 Ι.
286 1581 434 1635 Hominem
454 1582 490 1635 ad
508 1581 661 1652 imaginem
679 1581 784 1636 mundi.

231 1671 264 1724 Π.
285 1670 392 1724 Thema
409 1670 515 1724 mundi.

218 1759 265 1812 III.
285 1757 362 1823 Quae
386 1759 485 1812 stellae
508 1758 538 1812 in
561 1759 662 1827 quibus
685 1759 755 1814 Iocis
779 1759 937 1830 singulares
965 1758 1138 1812 constitutae

285 1847 353 1915 quid
371 1847 487 1902 faciant.

218 1937 264 1991 IV.
283 1937 325 1991 De
344 1936 539 1991 coniunctione
559 1937 630 1991 Solis
650 1941 678 1992 et
695 1937 837 1992 Mercurii.

85 2039 111 2076 eo
232 2026 265 2080 V.
284 2027 325 2080 De
345 2026 540 2081 coniunctione
559 2026 671 2081 Saturni
690 2029 719 2080 et
736 2026 876 2080 Mercurii.

218 2115 265 2169 VI.
284 2116 326 2169 De
344 2115 539 2170 coniunctione
557 2114 689 2170 Mercurii
707 2118 736 2169 et
754 2115 834 2170 Iovis.

207 2204 266 2258 VH.
284 2205 325 2258 De
344 2205 539 2260 coniunctione
557 2205 656 2259 Martis
675 2209 704 2259 et
721 2205 859 2259 Mercurii.

192 2292 264 2347 VIII.
283 2293 325 2346 De
344 2293 540 2348 coniunctione
557 2293 688 2348 Mercurii
707 2297 735 2347 et
753 2293 879 2348 Veneris.

220 2381 266 2435 IX.
285 2381 327 2435 De
345 2383 424 2435 Luna
441 2382 471 2436 in
490 2382 590 2450 quibus
609 2382 677 2437 locis
696 2381 791 2453 posita
809 2386 838 2437 et
857 2401 919 2437 oum
934 2383 1036 2452 quibus
1051 2383 1136 2437 astris

86 2500 111 2539 25
286 2470 440 2524 constituta
458 2471 526 2539 quid
544 2471 641 2527 faciat.

126 2593 275 2658 Quartus
293 2594 383 2648 liber
401 2595 454 2648 hoc
471 2596 566 2650 habet.

246 2683 265 2736 I.
285 2683 392 2736 Lunam
410 2684 560 2737 maximam
579 2701 638 2739 esse
657 2685 732 2739 vitae
749 2686 870 2740 hominis
890 2686 1085 2741 substantiam.

231 2772 265 2826 II.
284 2772 326 2825 De
344 2773 423 2825 Luna
443 2774 477 2825 ad
498 2792 582 2842 quarn
601 2775 713 2829 stellam
733 2777 867 2831 accedens
887 2777 956 2844 quid
975 2777 1115 2830 decernat.

219 2862 264 2916 III.
284 2862 325 2915 De
343 2862 422 2915 Luna
442 2880 504 2915 oum
524 2864 560 2916 ad
578 2864 686 2918 nullum
705 2865 801 2934 fertur,
821 2869 849 2920 et
867 2882 950 2933 quem
965 2865 1055 2935 primo
1070 2870 1136 2934 post

85 2965 112 3003 ao
284 2950 455 3005 vacuitatem
479 2952 522 3004 sui
546 2970 641 3006 cursus
665 2953 823 3023 contingat,
847 2955 890 3008 vel
914 2971 931 3007 a
954 2972 1009 3022 quo
1029 2955 1137 3010 defluat

285 3039 368 3092 etad
387 3056 470 3107 quem
489 3043 590 3109 currat,
610 3040 686 3093 etin
705 3041 807 3109 quibus
821 3042 890 3096 locis
904 3042 975 3110 quid
988 3043 1086 3113 faciat,
1105 3047 1136 3098 et

286 3144 373 3195 aqua
387 3128 471 3182 stella
490 3129 613 3182 defluens
632 3147 721 3183 vacua
740 3134 835 3185 currat
853 3134 881 3185 et
895 3148 912 3184 a
925 3132 1003 3186 nullo
1018 3132 1134 3203 feratur,

285 3216 330 3270 cui
350 3233 379 3270 se
394 3217 569 3287 applicuerit,
588 3217 631 3271 vel
646 3235 732 3286 aquo
748 3219 784 3271 ad
802 3236 885 3287 quem
904 3224 932 3274 et
950 3221 979 3274 in
998 3239 1054 3290 quo
1074 3238 1132 3276 sce·

284 3311 360 3361 mate
378 3305 470 3360 fuerit.

215 3509 247 3557 13
268 3502 434 3557 antisiorum
451 3510 474 3555 R
537 3510 570 3558 29
590 3508 619 3558 et
637 3523 686 3560 coc.
701 3512 724 3557 V
788 3511 820 3559 32
841 3506 877 3559 ad
895 3505 1005 3560 nullum
1023 3512 1046 3558 Δ
1064 3514 1134 3563 recte
