2408 3840
142 145 206 209 190
571 140 709 218 eramo

142 291 193 356 vel
209 289 390 373 Saturnus>
410 288 510 352 alium
528 289 696 373 geniturae
714 285 894 372 possederit
908 285 1083 371 cardinem,
1102 287 1151 351 in·

91 381 132 445 10
142 379 245 443 vidias
269 382 302 442 et
325 376 532 441 infelicitates
556 375 718 459 frequenti
740 376 866 440 ratione
889 375 1041 439 decernit.
1087 373 1152 440 Per

143 467 228 532 diem
251 489 327 531 vero
350 466 385 530 in
407 464 477 531 Mc.
501 465 593 530 Luna
616 464 796 531 constituta
823 463 998 528 mediocres
1023 463 1060 528 in
1083 465 1151 529 vita

141 554 231 620 etin
255 555 404 621 omnibus
428 553 554 619 actibus
581 552 681 618 faciet
709 556 743 617 et
770 553 825 635 qui
851 551 1077 635 frequentibus
1103 575 1149 619 so·

139 644 229 708 leant
251 643 432 708 rationibus
461 641 573 726 decipi.
620 640 656 706 si
683 662 758 706 vero
787 663 845 725 per
872 641 957 705 diem
985 641 1033 706 sic
1056 639 1183 707 Lunai

140 733 249 817 posita
273 732 329 799 Sol
352 733 387 796 in
408 732 590 815 horoscopo
617 730 782 814 partiliter
809 729 908 794 fuerit
934 730 1088 793 inventus
1117 731 1150 794 in

141 822 237 887 domo
267 844 324 886 sua
353 823 408 885 aut
436 820 471 884 in
497 820 670 884 altitudine
699 840 757 883 sua
785 822 842 883 aut
869 819 903 882 in
918 819 1028 882 domo
1051 817 1149 901 lovis,
1194 863 1196 865 >

141 931 277 994 magnos
301 909 579 973 administratores
602 906 816 971 maximarum
836 906 1079 990 provinciarum
1100 909 1149 971 v'el

140 999 354 1062 maximarum
376 996 474 1061 faciet
498 997 677 1078 civitatum,
699 996 917 1078 proconsules,
940 995 996 1059 sad
1019 995 1054 1059 in
1075 996 1148 1079 ipsa

141 1087 259 1168 [actus]
288 1085 567 1149 administratione
594 1083 770 1168 terribiles3
798 1083 854 1148 sed
880 1083 951 1167 (si)
978 1083 1026 1148 sic
1054 1083 1149 1149 Luna
1160 1109 1182 1149 ro

140 1177 174 1237 et
196 1172 270 1238 Sole
294 1174 492 1257 constitutis,
521 1172 596 1238 Sole
620 1172 744 1237 scilicet
766 1173 801 1236 in
823 1173 1004 1257 horoscopo
1029 1172 1149 1256 iubis,

129 1263 175 1326 'in
198 1261 314 1344 quibus
338 1261 477 1326 diximus
501 1262 614 1347 signis,
641 1260 733 1325 Luna
757 1262 890 1325 veroin
912 1257 997 1345 Mc,
1024 1262 1165 1345 pariter

140 1351 254 1416 ambos
278 1350 329 1415 vel
350 1373 449 1414 unum
479 1351 517 1415 de
545 1350 670 1415 duobus
694 1350 842 1433 luppiter
863 1370 1020 1433 prospera
1043 1350 1148 1414 radia-

140 1440 228 1504 tione
242 1440 429 1524 protexerit,
448 1440 660 1524 imperatores
679 1438 782 1504 faciet
795 1437 951 1503 felicitate
969 1460 1006 1503 ac
1020 1438 1148 1503 iustitia

140 1533 367 1613 praepotentes
391 1533 424 1593 et
448 1550 528 1612 quos
552 1550 663 1592 omnes
683 1550 756 1592 eum
777 1527 910 1592 terroris
931 1526 1182 1611 trepidationes

140 1639 194 1681 sus
219 1617 327 1681 iciant.

87 1709 128 1773 11
195 1640 267 1770 pIn
289 1705 344 1769 XI.
368 1705 440 1771 loco
468 1706 509 1769 ab
536 1705 715 1787 horoscopo
739 1702 832 1768 Luna
859 1704 1039 1769 constituta
1066 1704 1146 1769 baec

140 1793 292 1878 decernit,
316 1815 397 1878 quae
420 1793 456 1858 in
479 1793 592 1877 quinto
616 1794 656 1857 ab
680 1792 861 1875 horoscopo
884 1793 956 1857 loco
979 1791 1092 1858 faeere.
1110 1816 1147 1857 ex

140 1883 343 1968 praecedenti
367 1882 579 1967 explicatione
603 1881 863 1946 monstravimus.

89 1974 173 2052 12,·,.
229 1972 268 2051 In
297 1971 370 2036 XIl.
398 1973 470 2036 loco
502 1973 542 2036 ab
572 1971 754 2053 horoscopo
780 1969 873 2035 Luna
902 1970 1084 2035 constituta
1111 1969 1183 2034 ina

140 2065 299 2126 nocturna
327 2058 477 2146 genitura
503 2060 642 2143 (breve)
670 2059 759 2136 vitae
784 2063 912 2143 tempus
940 2060 1146 2142 spatiumque

140 2149 294 2234 decernit3
324 2150 379 2213 sed
403 2149 431 2213 si
454 2148 602 2232 Iuppiter
629 2152 662 2212 et
685 2147 796 2212 Venus
820 2152 877 2211 aut
900 2169 982 2211 unus
1007 2147 1045 2211 de
1069 2149 1147 2212 duo-

139 2237 200 2302 bus
223 2238 258 2301 in
280 2239 460 2321 horoscopo
483 2237 646 2321 partiliter
668 2236 789 2300 fuerint
811 2235 934 2301 inventi
958 2234 1147 2320 [autunum

140 2325 178 2388 de
201 2325 343 2410 duobus]
362 2331 395 2391 ct
412 2326 503 2390 Luna
522 2327 568 2391 sic
587 2324 683 2389 sicuti
701 2325 863 2406 <diximus
883 2325 926 2388 sit
946 2325 1146 2406 constituta>

139 2417 172 2476 et
196 2413 240 2477 sit
261 2420 421 2479 nocturna
443 2415 601 2498 genitura,
624 2413 796 2497 potestatis
820 2413 956 2478 alicuius
980 2413 1145 2477 licentiam
1159 2435 1183 2477 a

140 2523 212 2565 oum
243 2501 399 2567 felicitate
429 2501 581 2566 decernit.
635 2499 670 2565 si
700 2523 775 2565 vero
805 2499 909 2565 Marte
940 2505 974 2566 et
1005 2499 1146 2566 Saturno

139 2590 300 2673 partiliter
322 2589 357 2653 in
378 2591 559 2674 horoscopo
584 2589 771 2654 constitutis
795 2594 852 2653 aut
873 2612 939 2654 uno
961 2590 1000 2654 de
1020 2591 1145 2655 duobus

139 2677 229 2742 Luna
253 2679 419 2762 geniturae
442 2677 514 2742 XlI.
533 2677 713 2762 possederit
735 2678 852 2761 locum,
876 2679 980 2742 multa
1003 2700 1041 2744 ac
1059 2680 1146 2742 mala

92 2832 93 2836 ,
139 2767 318 2832 infortunia
336 2771 369 2831 et
387 2788 501 2851 graves
521 2788 613 2831 casus
633 2770 666 2829 et
685 2765 878 2831 valitudines
897 2770 931 2831 et
949 2766 1028 2830 vitia
1047 2767 1145 2832 faciet

229 2931 244 2976 2
258 2922 415 2977 radiatione
425 2923 487 2976 PRb
537 2929 552 2976 5
567 2923 635 2976 luna
648 2940 682 2978 es,
700 2924 765 2976 able
779 2921 940 2992 (ablativus)
953 2928 1002 2975 PB
1050 2929 1065 2976 9
1079 2939 1143 2992 pro-

139 2994 263 3048 consoles
281 3000 309 3047 M
381 3000 414 3048 10
434 2997 512 3047 actus
531 3011 580 3049 om.
599 3000 626 3047 Μ
642 2995 646 3065 Ι
663 2993 687 3047 si
706 2995 768 3048 cdd.
789 2994 853 3048 Sittl
925 2999 957 3046 12
975 2992 1081 3062 pariter
1099 2993 1143 3065 A']

137 3068 232 3135 partes
305 3071 337 3118 13
358 3065 454 3118 ambas
473 3067 540 3135 ΡΒΙ
560 3065 604 3118 vel
622 3066 720 3136 unum]
739 3069 808 3118 luna
826 3070 846 3117 1²
918 3070 951 3118 15
971 3064 1069 3117 erroris
1087 3070 1143 3117 IV

140 3142 172 3190 16
192 3136 358 3205 suscipiant,
386 3154 453 3191 corr.
472 3137 591 3191 Mueller
699 3142 732 3191 18
755 3137 800 3207 ex]
823 3136 917 3190 Hilar.
937 3152 979 3204 ps.
1000 3153 1030 3203 p.
1046 3140 1096 3202 17,
1110 3147 1143 3190 25.

138 3212 201 3274 104,
216 3221 248 3261 15.
268 3213 337 3275 428,
353 3222 377 3258 ro
397 3208 467 3262 Cael.
483 3208 551 3262 Aufr.
567 3225 606 3261 ae.
622 3209 678 3262 ΙΙΙ
688 3213 723 3262 19
743 3207 796 3263 cu.
812 3207 856 3274 off.
872 3208 1003 3261 ed.1882
1017 3223 1047 3274 p.
1062 3211 1109 3273 36,
1119 3219 1145 3258 19

139 3280 174 3332 al.
190 3280 249 3344 eset.
265 3280 384 3334 Mueller
462 3284 492 3332 21
514 3280 602 3347 suppl.
622 3298 639 3332 a
718 3285 751 3332 22
771 3277 794 3330 si
812 3279 841 3349 κ]
860 3279 889 3330 et
913 3280 917 3347 Ι
942 3295 1013 3331 unus
1031 3276 1075 3349 A‘]
1094 3277 1144 3331 uni

139 3354 171 3402 23
191 3351 275 3403 dela
346 3356 380 3403 24
399 3350 450 3422 sic]
469 3349 527 3403 sil*
543 3353 546 3419 Ι
562 3351 650 3418 suppl.
665 3370 683 3404 κ
751 3355 784 3402 26
803 3348 904 3403 sicPB
972 3354 1005 3402 26
1024 3352 1144 3402 martem

139 3422 189 3474 aut
207 3423 364 3490 saturnum,
387 3438 454 3477 corr.
473 3420 503 3473 A'
589 3425 622 3474 27
642 3437 697 3475 uno
716 3419 759 3491 A‘]
781 3437 868 3473 unum
952 3424 985 3472 28
1004 3419 1142 3489 genitura,

138 3508 205 3546 GOW.
225 3512 242 3546 κ
258 3493 262 3561 Ι
277 3491 335 3546 ΧΠ
355 3491 398 3564 A']
417 3492 468 3545 XV
540 3497 572 3534 ‘20
592 3490 748 3542 ualitudine
767 3495 846 3542 ἾῬΒ
868 3493 872 3542 Ι
895 3493 923 3530 nt
943 3491 974 3562 Q]
994 3489 1043 3543 sed
