2416 3840
514 167 595 239 nso,
609 184 692 224 s-10.
1069 166 1112 231 87

101 313 268 399 persuade,
292 314 377 398 quod
400 313 508 378 nullus
531 312 637 397 possit
659 313 784 378 devita
805 312 962 397 principis
986 311 1110 396 aliquid

101 399 257 484 invenire,
275 405 313 465 ut
330 401 595 486 persuasionibus
612 402 679 466 tuis
693 402 835 466 monitus
850 402 952 466 istum
965 400 1110 467 furorem

101 491 298 556 temeritatis
327 495 472 556 correcto
500 490 617 558 mentis
646 511 754 555 errore
782 489 936 576 deponat3
966 491 1024 555 sed
1049 512 1109 556 nsc

101 579 225 645 deferre
248 583 280 644 te
304 580 393 663 volo,
420 580 447 643 si
471 579 543 663 quis
567 578 690 663 aliquid
714 579 797 643 male
821 579 1030 662 quaesiverit,
1058 600 1108 664 ne,

72 690 176 735 scum
203 668 258 733 ille
289 668 331 733 ob
354 667 496 734 inlicitas
524 668 624 732 animi
653 667 848 751 cupiditates
876 668 1007 751 capitali
1036 690 1109 733 sen-

100 755 205 821 tentia
227 756 327 822 fuerit
350 757 552 842 subiugatos,
574 757 689 822 mortis
712 754 815 840 ipsius
839 778 936 821 causa
959 757 1107 822 extitisse

100 845 251 930 videaris3
290 846 375 929 quod
410 845 550 910 alienum
582 849 633 910 est
665 867 684 909 a
715 843 884 929 proposito
920 845 1107 910 sacerdotis.

101 932 153 998 Sit
180 933 243 998 tibi
270 955 366 1019 uxor,
397 935 440 999 sit
467 933 529 999 tibi
557 934 685 1018 domus,
718 934 761 998 sit
788 934 1000 998 honestorum
1028 935 1107 999 ami·
1140 936 1160 999 8

100 1043 212 1088 corum
236 1023 338 1107 copia,
361 1023 405 1087 sit
429 1024 469 1088 ad
490 1023 658 1108 publicum
682 1023 830 1087 assiduus
854 1044 1012 1106 accessus,
1035 1026 1105 1088 esto

56 1137 85 1176 ιο
99 1111 141 1176 ab
170 1113 320 1176 omnibus
348 1112 611 1177 contentionibus
641 1114 823 1196 separatus,
852 1113 944 1175 nulla
972 1112 1107 1197 negotia

98 1199 215 1265 nociva
237 1200 404 1286 suscipias,
426 1222 485 1265 nec
508 1205 540 1265 tc
563 1200 736 1284 aliquando
758 1200 911 1284 pecuniae
931 1204 1107 1286 augmenta

99 1288 286 1368 sollicitent,
310 1293 380 1354 esto
404 1290 445 1354 ab
469 1289 557 1355 omni
577 1289 778 1355 crudelitatis
800 1288 914 1353 ardore
933 1290 1105 1374 sepositus,

96 1399 273 1462 numquam
299 1378 412 1442 alienis
436 1377 551 1464 iurgiis
579 1379 631 1443 vel
655 1378 850 1462 capitalibus
879 1400 916 1443 ac
940 1378 1103 1462 pestiferis

97 1465 279 1531 inimicitiis
311 1467 466 1551 gaudeas,
497 1467 553 1532 sed
586 1466 647 1531 tibi
679 1467 714 1531 in
743 1467 832 1531 omni
859 1467 1104 1532 conversatione

54 1580 83 1620 15
97 1554 225 1639 placeat
244 1556 354 1639 quieta
372 1555 565 1639 moderatim
585 1555 661 1640 fuge
680 1555 864 1638 seditiones,
883 1555 965 1640 fuge
978 1576 1105 1639 semper

97 1644 284 1708 turbulenta
307 1643 492 1708 certamina.
528 1641 703 1708 Amicitiae
725 1645 822 1709 fidam
844 1643 986 1709 fortibus
1008 1665 1104 1727 copu-
1135 1643 1156 1708 9

95 1731 274 1796 lationibus
303 1732 436 1816 stringe.
481 1731 533 1796 Da
561 1753 692 1816 operam
721 1733 803 1817 [da],
832 1736 869 1797 ut
891 1732 927 1796 in
950 1732 1101 1797 omnibus

96 1819 225 1884 actibus
257 1820 335 1884 fides
368 1823 425 1884 tua
461 1820 649 1904 incorrupta
685 1823 887 1904 permaneat3
922 1842 1102 1904 numquam

95 1907 327 1973 conscientiam
358 1911 450 1973 tuam
481 1908 573 1972 falsis
606 1909 803 1975 testimoniis
835 1910 979 1994 polluas,
1010 1931 1103 1974 num·

49 2025 80 2064 ac
96 2018 193 2080 quam
212 1998 366 2080 pecuniae
385 1997 477 2062 fenus
492 2019 649 2082 exerceas,
667 2020 707 2062 ne
723 1999 836 2063 alienis
850 1998 1101 2063 necessitatibus

94 2087 250 2150 miserum
278 2085 339 2150 tibi
361 2087 517 2170 pecuniae
544 2085 729 2151 conferatur
756 2089 981 2172 augmentum,
1008 2087 1103 2151 iuris·

93 2174 220 2239 iurandi
244 2176 340 2239 fidem
362 2197 422 2240 nec
440 2175 613 2259 promittas
636 2197 696 2240 nec
715 2175 834 2261 exigas,
857 2175 1049 2259 praesertim
1072 2175 1100 2241 si

95 2269 228 2348 propter
247 2262 417 2348 pecuniam
436 2268 586 2328 exactum
605 2263 772 2349 fueritne
793 2268 927 2349 propter
945 2263 1099 2348 pecuniae

94 2352 246 2417 miseram
271 2353 387 2437 stipem
412 2352 519 2417 divina
541 2353 711 2417 numinum
735 2353 897 2437 praesidia
923 2353 1099 2439 implorata

48 2466 78 2508 as
93 2462 163 2505 esse
178 2442 355 2506 videantur.
387 2441 583 2506 Errantibus
597 2441 794 2529 hominibus,
807 2442 1000 2527 pracsertim
1016 2464 1097 2527 quos
1111 2442 1152 2506 10

92 2529 155 2594 tibi
183 2529 343 2594 amicitiae
370 2531 574 2596 necessitudo
603 2531 783 2615 coniunxit,
815 2536 939 2597 rectam
970 2530 1097 2596 vivendi

91 2618 178 2682 viam
200 2623 359 2702 monstra,
385 2622 423 2683 ut
446 2623 504 2684 tua
526 2619 732 2685 institutione
754 2618 888 2685 formati
910 2620 1097 2705 praeteritis

91 2706 177 2772 vitae
205 2705 384 2772 liberentur
411 2708 588 2790 erroribus,
619 2712 657 2773 ut
687 2731 754 2774 non
784 2709 890 2774 solum
923 2709 1097 2792 responsis,

91 2796 147 2861 sed
166 2796 265 2860 etiam
284 2797 429 2862 consiliis
451 2796 594 2880 perditas
612 2796 781 2861 hominum
800 2797 906 2882 possis
925 2798 1096 2862 instituere

48 2911 75 2950 sc
90 2884 293 2968 cupiditates.
338 2883 526 2969 Numquam
557 2886 725 2950 nocturnis
759 2886 925 2950 sacrificiis
955 2886 1096 2969 intersis,

89 2973 157 3038 sive
185 2973 244 3037 illa
270 2972 402 3057 publica
433 2974 500 3039 sive
532 2975 660 3058 privata
690 2975 852 3060 dicantur3
884 2996 943 3039 nec
974 2978 1096 3039 secrete

178 3165 467 3234 2pcrsuationibuslt
515 3171 531 3218 3
545 3172 702 3220 errorcmlt
747 3172 762 3220 5
777 3165 934 3221 sententiae
944 3165 1096 3220 Momasson

87 3236 195 3290 Hosius
244 3236 382 3291 textisse
400 3235 550 3289 uidiarislt
594 3241 614 3318 Ι9
632 3236 824 3319 pubplicumP
875 3242 907 3291 11
926 3234 1094 3318 nosciuavl

87 3323 207 3376 peccun-
221 3312 269 3360 Π
284 3310 319 3376 (et
332 3313 420 3362 2013
435 3309 485 3376 bis)
540 3307 796 3362 141nim1011s1v
851 3314 883 3381 17
902 3305 1096 3376 stringendam
1191 3326 1194 3330 ·

86 3394 201 3459 operam
219 3377 257 3431 da
275 3378 435 3447 (operanda,
453 3381 485 3432 ia
502 3379 556 3446 fiae
573 3396 602 3431 m
620 3396 687 3433 eras.
707 3381 749 3450 R),
768 3396 836 3435 cem.
856 3377 885 3432 A'
958 3382 993 3431 20
1010 3391 1095 3446 pecu-

85 3450 255 3575 stads
270 3450 274 3520 '
290 3450 476 3580 ”lul-tta
512 3449 791 3590 ”sititis
810 3455 838 3503 ¹¹
853 3451 857 3520 ¹
874 3449 1094 3520 “mmm
