2416 3840
127 198 190 264 182
507 175 510 180 ’
560 197 698 254 immor

123 348 285 428 grammat
271 343 354 408 ticos
378 348 434 408 aut
456 344 566 428 legum
588 344 773 408 inventores
801 346 858 407 aut
885 343 942 426 qui
964 343 998 407 in
1020 365 1135 410 nume·

92 433 168 497 2ris
191 453 286 515 praes
288 436 366 497 t.ent
413 431 448 496 si
470 454 547 496 vero
571 435 781 514 pernoctem
803 430 837 496 in
860 431 1035 515 horoscopi
1055 454 1132 516 par-

123 520 212 585 tibus
235 520 356 586 luerint
378 520 510 604 inventi,
533 521 652 586 facient
638 523 750 585 ttacu
752 541 787 583 os
811 519 998 619 ingeniosos
1020 523 1055 584 et
1074 521 1134 604 qni

124 608 242 698 omnia,
264 631 485 692 quaecumque
508 631 603 694 agere
627 608 796 692 voluerint,
819 605 913 672 facile
933 629 1132 693 consequan-

123 701 185 761 tur.
231 698 337 762 Erunt
359 703 416 763 aut
418 720 468 762 em
492 702 548 762 aut
572 695 718 763 coronati
742 659 806 761 aui
822 697 1000 779 praepositi
1024 719 1131 762 sacer·
1158 722 1170 764 s

122 786 162 850 do
164 785 252 850 tibus
276 790 332 850 aut
354 808 520 851 sacrorum
539 785 786 851 simulacrorum
808 784 961 849 ba1ul1e
980 786 1037 868 qui
1055 808 1131 869 pro

122 896 215 939 cessu
234 873 390 957 temporis
410 879 564 959 augment
565 897 585 939 a
602 875 772 958 dignitatis
787 874 956 958 accipiant,
993 873 1131 940 Facient

122 968 231 1026 autem
258 963 422 1028 armoniae
451 963 617 1028 cuiusdam
647 963 770 1045 peritos
802 966 860 1026 aut
886 961 1005 1026 litteris
1039 963 1129 1049 regis

71 1117 74 1124 ,
120 1052 337 1136 praepositos,
366 1053 422 1116 sed
445 1073 583 1136 quorum
609 1052 713 1115 oratio
742 1073 779 1117 ac
806 1072 913 1115 sermo
940 1051 1055 1134 plenus
1085 1052 1130 1117 sit

121 1138 241 1223 leporis
266 1145 299 1204 et
322 1139 456 1224 gratiae.
1144 1166 1169 1207 ιο

90 1227 110 1292 3
208 1227 248 1292 In
267 1229 405 1293 secundo
424 1230 496 1294 loco
514 1229 555 1293 ab
574 1228 757 1312 horoscopo
771 1226 949 1292 Mercurius
967 1231 1000 1292 et
1014 1225 1128 1294 Venus

120 1314 243 1400 pariter
273 1317 443 1382 constituti
475 1318 511 1381 in
539 1317 654 1381 diurna
686 1317 837 1401 genitura
868 1315 989 1381 facient
1023 1316 1129 1382 multa

120 1405 254 1489 negotia
280 1410 458 1471 tractantes
487 1409 520 1470 et
547 1406 660 1489 quiin
686 1404 852 1470 nobilibus
879 1405 1006 1469 actibus
1029 1427 1129 1471 >occu-

120 1498 248 1579 pentur,
270 1494 325 1558 sed
348 1495 381 1558 in
405 1495 486 1578 ipsis
505 1495 625 1559 diutius
644 1497 897 1578 perseverantes,
919 1514 1073 1558 amoenos
1094 1499 1128 1559 at

121 1586 233 1667 gratos
256 1582 291 1647 in
313 1584 381 1647 vita
403 1584 526 1667 pariter
548 1605 585 1648 ac
613 1583 768 1666 moribus,
795 1582 927 1647 vinosos
950 1586 1061 1647 tamen
1089 1604 1127 1648 ac
1140 1607 1166 1650 u

120 1670 320 1735 libidinosos.
368 1670 496 1737 sivero
521 1672 701 1736 matutinus
720 1671 755 1734 in
777 1671 839 1736 hoc
861 1670 933 1735 loco
956 1670 1057 1734 fuerit
1079 1670 1127 1735 in·

120 1762 248 1843 ventus,
276 1759 373 1824 faciet
394 1782 452 1843 per
480 1761 671 1843 semetipsos
699 1759 896 1843 patrimonia
924 1763 1127 1845 quaerentes,

120 1848 230 1912 felices
244 1847 407 1914 litteratos
422 1849 626 1933 disciplinam
645 1849 788 1932 aliquam
806 1848 1027 1930 musicamque
1042 1851 1127 1913 trao-

120 1940 241 2020 tantes,
273 1937 378 2002 laetos
408 1942 440 2001 et
467 1937 622 2002 honestos
650 1936 838 2020 gratiaeque
866 1935 1036 2018 splendore
1063 1935 1126 2001 ful·

88 2023 243 2108 4gentes.
290 2024 324 2090 Si
348 2048 423 2090 vero
446 2026 487 2090 in.
507 2031 667 2091 nocturna
690 2024 840 2110 genitura
861 2024 1065 2107 vespertinus
1090 2025 1125 2089 in
1138 2049 1163 2089 au

120 2111 271 2179 hocloco
292 2136 365 2178 cum
385 2115 508 2178 Venere
528 2114 626 2179 fuerit
644 2115 803 2196 inventus,
825 2133 960 2196 magnas
980 2112 1124 2176 decernit

120 2200 291 2266 facultates
315 2206 348 2267 et
370 2225 523 2286 processu
545 2207 729 2287 temporum
752 2201 966 2265 maximarum
988 2199 1125 2265 felicita·

120 2292 191 2352 tum
214 2290 412 2354 incrementa
435 2293 584 2376 largitum
608 2297 704 2355 erunt
727 2291 812 2354 enim
831 2288 992 2373 principes
1013 2288 1124 2354 eivita-

120 2381 203 2459 tum,
232 2383 325 2442 erunt
351 2378 477 2464 legibus
505 2381 683 2464 praepositi
708 2383 741 2443 et
764 2379 881 2462 quibus
909 2377 1124 2442 maximarum

118 2465 357 2548 provinciarum
381 2488 457 2531 cura
485 2468 662 2531 mandetur.
707 2466 776 2531 Alii
801 2466 968 2530 inveniunt
992 2465 1163 2550 aliquidne

119 2552 235 2616 unde
227 2555 287 2617 mit
288 2553 320 2618 ia
343 2554 480 2620 felicitat
432 2557 509 2620 tatis
539 2557 712 2639 accipiant,
740 2556 812 2621 aliia
835 2554 962 2619 heredit
948 2558 1033 2619 tates
1057 2576 1126 2619 ma·

118 2642 225 2706 ximae
249 2642 466 2708 conferuntur

83 2729 109 2796 5
208 2731 284 2796 Int
270 2735 335 2796 tter
336 2731 368 2796 io
391 2732 462 2798 loco
487 2734 527 2797 ab
551 2732 746 2834 horoscopo
754 2690 990 2796 Mercuriuset
1014 2729 1126 2797 Venus

119 2818 241 2921 pariter
264 2842 341 2886 cons
344 2821 435 2885 tituti
409 2820 639 2886 tfacientin
604 2821 766 2886 msacris
795 2819 1026 2885 certaminibus
1055 2841 1126 2886 esse

119 2907 259 2974 victores
287 2913 344 2974 aut
372 2911 554 2974 sacerdotes
578 2913 635 2974 aut
662 2909 838 2994 prophetas
867 2913 923 2973 aut
950 2907 1125 2974 vestitores
1139 2934 1165 2974 co

119 2998 252 3062 deorum
276 3002 333 3062 aut
356 2999 390 3063 in
393 2998 544 3083 templis
572 2998 713 3062 maxima
735 3002 913 3063 tractantes
938 2995 1047 3061 officia
1069 3000 1127 3062 aut

208 3190 375 3273 apraesint
394 3207 461 3245 corr.
475 3210 493 3244 κ
511 3191 545 3257 cf.
562 3191 685 3245 Moneta.
705 3190 798 3245 V266
887 3189 1021 3241 3acutoa
1040 3188 1082 3242 tia
1099 3192 1127 3240 Ι

119 3262 200 3314 baut
209 3263 291 3329 prius
304 3279 354 3317 om
364 3267 392 3314 Μ
446 3261 609 3330 ttemporis
624 3278 674 3316 om
686 3266 713 3313 lt
768 3257 920 3329 8regiisA
976 3263 1009 3312 10
1023 3256 1127 3342 gratia,

118 3331 231 3385 cord
306 3339 338 3386 13
357 3331 388 3385 in
405 3328 456 3387 del.
476 3351 493 3385 a
569 3338 602 3386 15
620 3331 726 3402 pariter
744 3333 773 3403 a]
791 3329 907 3400 paribus
922 3327 1067 3409 (operibus
1085 3328 1127 3398 Δ)

120 3400 125 3472 Ι
145 3401 261 3456 uitiosos
279 3408 307 3455 Μ
324 3405 359 3471 cf.
379 3404 459 3458 VIII
472 3404 493 3470 f.
510 3403 578 3457 GIV
595 3405 643 3458 cot.
658 3407 677 3458 2
695 3403 761 3457 ared
840 3406 872 3455 18
891 3397 1075 3480 misicamque
1093 3405 1129 3452 1²·

119 3477 152 3524 19
171 3489 204 3541 gr
243 3489 278 3526 ue
295 3479 322 3526 Μ
419 3480 452 3528 26
470 3472 589 3528 talitatis
607 3479 631 3526 B
655 3475 659 3545 Ι
685 3473 734 3527 alii
752 3479 806 3526 MV
829 3474 833 3542 Ι
858 3468 1026 3525 hereditatis
1043 3475 1129 3528 Ν·

111 3547 151 3595 27
171 3558 203 3595 eo
236 3547 317 3597 erunt
334 3549 361 3596 Μ
