<?xml version="1.0" encoding="UTF-8"?>
<!DOCTYPE html PUBLIC "-//W3C//DTD XHTML 1.0 Transitional//EN"
    "http://www.w3.org/TR/xhtml1/DTD/xhtml1-transitional.dtd">
<html xmlns="http://www.w3.org/1999/xhtml" xml:lang="en" lang="en">
 <head>
  <title>
</title>
<meta http-equiv="Content-Type" content="text/html;charset=utf-8" />
  <meta name='ocr-system' content='tesseract 3.04.00' />
  <meta name='ocr-capabilities' content='ocr_page ocr_carea ocr_par ocr_line ocrx_word'/>
</head>
<body>
  <div class='ocr_page' id='page_1' title='image "./iuliifirmicimat00mategoog_0195.png"; bbox 0 0 2416 3840; ppageno 0'>
   <div class='ocr_carea' id='block_1_1' title="bbox 86 95 695 199">
    <p class='ocr_par' dir='ltr' id='par_1_1' title="bbox 86 95 695 199">
     <span class='ocr_line' id='line_1_1' title="bbox 86 95 695 199; baseline -0.02 0"><span class='ocrx_word' id='word_1_1' title='bbox 86 95 88 100; x_wconf 62' lang='grc'>’</span> <span class='ocrx_word' id='word_1_2' title='bbox 126 134 190 199; x_wconf 81' lang='lat' dir='ltr'>rra</span> <span class='ocrx_word' id='word_1_3' title='bbox 556 135 695 189; x_wconf 82' lang='grc'><strong>11111</strong></span> 
     </span>
    </p>
   </div>
   <div class='ocr_carea' id='block_1_2' title="bbox 71 278 1174 2846">
    <p class='ocr_par' dir='ltr' id='par_1_2' title="bbox 124 278 1136 522">
     <span class='ocr_line' id='line_1_2' title="bbox 126 278 1136 364; baseline 0 -19"><span class='ocrx_word' id='word_1_4' title='bbox 126 279 387 364; x_wconf 88' lang='lat' dir='ltr'>perseverabunt,</span> <span class='ocrx_word' id='word_1_5' title='bbox 410 279 465 362; x_wconf 92' lang='lat' dir='ltr'>qui</span> <span class='ocrx_word' id='word_1_6' title='bbox 488 279 521 343; x_wconf 92' lang='lat' dir='ltr'>in</span> <span class='ocrx_word' id='word_1_7' title='bbox 544 279 596 344; x_wconf 90' lang='lat' dir='ltr'>his</span> <span class='ocrx_word' id='word_1_8' title='bbox 618 279 699 344; x_wconf 91' lang='lat' dir='ltr'>locis</span> <span class='ocrx_word' id='word_1_9' title='bbox 719 278 913 343; x_wconf 83' lang='lat' dir='ltr'><strong>Mercurium</strong></span> <span class='ocrx_word' id='word_1_10' title='bbox 933 301 1006 344; x_wconf 89' lang='lat' dir='ltr'>cum</span> <span class='ocrx_word' id='word_1_11' title='bbox 1025 278 1136 345; x_wconf 88' lang='lat' dir='ltr'>Marte</span> 
     </span>
     <span class='ocr_line' id='line_1_3' title="bbox 124 366 1136 453; baseline 0 -20"><span class='ocrx_word' id='word_1_12' title='bbox 124 368 297 433; x_wconf 71' lang='lat' dir='ltr'>habuerint</span> <span class='ocrx_word' id='word_1_13' title='bbox 325 368 554 452; x_wconf 86' lang='lat' dir='ltr'>constitutum,</span> <span class='ocrx_word' id='word_1_14' title='bbox 584 366 660 453; x_wconf 89' lang='lat' dir='ltr'>quia</span> <span class='ocrx_word' id='word_1_15' title='bbox 687 369 727 432; x_wconf 89' lang='lat' dir='ltr'>ab</span> <span class='ocrx_word' id='word_1_16' title='bbox 756 389 820 432; x_wconf 90' lang='lat' dir='ltr'>uno</span> <span class='ocrx_word' id='word_1_17' title='bbox 852 373 927 433; x_wconf 89' lang='lat' dir='ltr'>actu</span> <span class='ocrx_word' id='word_1_18' title='bbox 955 368 995 432; x_wconf 89' lang='lat' dir='ltr'>ad</span> <span class='ocrx_word' id='word_1_19' title='bbox 1023 373 1136 434; x_wconf 85' lang='lat' dir='ltr'>actum</span> 
     </span>
     <span class='ocr_line' id='line_1_4' title="bbox 125 458 425 522; baseline -0.003 -1"><span class='ocrx_word' id='word_1_20' title='bbox 125 458 225 522; x_wconf 90' lang='lat' dir='ltr'>alium</span> <span class='ocrx_word' id='word_1_21' title='bbox 248 459 425 520; x_wconf 89' lang='lat' dir='ltr'>transeunt.</span> 
     </span>
    </p>

    <p class='ocr_par' dir='ltr' id='par_1_3' title="bbox 94 543 1174 1336">
     <span class='ocr_line' id='line_1_5' title="bbox 94 543 1135 628; baseline 0.001 -18"><span class='ocrx_word' id='word_1_22' title='bbox 94 547 114 610; x_wconf 89' lang='lat'>9</span> <span class='ocrx_word' id='word_1_23' title='bbox 214 544 252 609; x_wconf 92' lang='lat' dir='ltr'>In</span> <span class='ocrx_word' id='word_1_24' title='bbox 283 545 422 628; x_wconf 90' lang='lat' dir='ltr'>septimo</span> <span class='ocrx_word' id='word_1_25' title='bbox 451 545 524 609; x_wconf 93' lang='lat' dir='ltr'>loco</span> <span class='ocrx_word' id='word_1_26' title='bbox 555 544 596 608; x_wconf 89' lang='lat' dir='ltr'>ab</span> <span class='ocrx_word' id='word_1_27' title='bbox 626 543 808 628; x_wconf 90' lang='lat' dir='ltr'>horoscopo</span> <span class='ocrx_word' id='word_1_28' title='bbox 838 543 921 609; x_wconf 89' lang='lat' dir='ltr'>idest</span> <span class='ocrx_word' id='word_1_29' title='bbox 950 545 986 609; x_wconf 91' lang='lat' dir='ltr'>in</span> <span class='ocrx_word' id='word_1_30' title='bbox 1015 565 1135 611; x_wconf 85' lang='lat' dir='ltr'>occasu</span> 
     </span>
     <span class='ocr_line' id='line_1_6' title="bbox 126 632 1174 718; baseline 0.008 -22"><span class='ocrx_word' id='word_1_31' title='bbox 126 634 302 698; x_wconf 84' lang='lat' dir='ltr'>Mercurius</span> <span class='ocrx_word' id='word_1_32' title='bbox 336 654 407 696; x_wconf 90' lang='lat' dir='ltr'>cum</span> <span class='ocrx_word' id='word_1_33' title='bbox 437 633 542 696; x_wconf 88' lang='lat' dir='ltr'>Marte</span> <span class='ocrx_word' id='word_1_34' title='bbox 573 632 738 716; x_wconf 75' lang='lat' dir='ltr'>partiliter</span> <span class='ocrx_word' id='word_1_35' title='bbox 771 635 981 718; x_wconf 86' lang='lat' dir='ltr'>constitutus,</span> <span class='ocrx_word' id='word_1_36' title='bbox 1014 634 1042 698; x_wconf 88' lang='lat' dir='ltr'>si</span> <span class='ocrx_word' id='word_1_37' title='bbox 1073 657 1174 718; x_wconf 78' lang='lat' dir='ltr'>pers</span> 
     </span>
     <span class='ocr_line' id='line_1_7' title="bbox 124 719 1135 808; baseline 0 -21"><span class='ocrx_word' id='word_1_38' title='bbox 124 723 209 787; x_wconf 93' lang='lat' dir='ltr'>diem</span> <span class='ocrx_word' id='word_1_39' title='bbox 237 723 271 786; x_wconf 91' lang='lat' dir='ltr'>in</span> <span class='ocrx_word' id='word_1_40' title='bbox 298 721 360 786; x_wconf 91' lang='lat' dir='ltr'>hoc</span> <span class='ocrx_word' id='word_1_41' title='bbox 387 722 459 786; x_wconf 92' lang='lat' dir='ltr'>loco</span> <span class='ocrx_word' id='word_1_42' title='bbox 487 719 651 805; x_wconf 82' lang='lat' dir='ltr'>partiliter</span> <span class='ocrx_word' id='word_1_43' title='bbox 677 721 799 786; x_wconf 80' lang='lat' dir='ltr'>fuerint</span> <span class='ocrx_word' id='word_1_44' title='bbox 826 720 965 808; x_wconf 81' lang='lat' dir='ltr'>inventi,</span> <span class='ocrx_word' id='word_1_45' title='bbox 992 743 1047 787; x_wconf 90' lang='lat' dir='ltr'>eos</span> <span class='ocrx_word' id='word_1_46' title='bbox 1076 723 1135 807; x_wconf 90' lang='lat' dir='ltr'>qui</span> 
     </span>
     <span class='ocr_line' id='line_1_8' title="bbox 125 809 1136 892; baseline 0.002 -17"><span class='ocrx_word' id='word_1_47' title='bbox 125 811 171 875; x_wconf 88' lang='lat' dir='ltr'>sic</span> <span class='ocrx_word' id='word_1_48' title='bbox 194 833 267 875; x_wconf 92' lang='lat' dir='ltr'>eum</span> <span class='ocrx_word' id='word_1_49' title='bbox 290 811 473 892; x_wconf 83' lang='lat' dir='ltr'>habuerint,</span> <span class='ocrx_word' id='word_1_50' title='bbox 496 809 665 873; x_wconf 89' lang='lat' dir='ltr'>mulierem</span> <span class='ocrx_word' id='word_1_51' title='bbox 688 813 745 873; x_wconf 89' lang='lat' dir='ltr'>aut</span> <span class='ocrx_word' id='word_1_52' title='bbox 767 832 900 875; x_wconf 89' lang='lat' dir='ltr'>uxorem</span> <span class='ocrx_word' id='word_1_53' title='bbox 921 832 1013 875; x_wconf 88' lang='lat' dir='ltr'>suam</span> <span class='ocrx_word' id='word_1_54' title='bbox 1032 833 1136 877; x_wconf 89' lang='lat' dir='ltr'>manu</span> 
     </span>
     <span class='ocr_line' id='line_1_9' title="bbox 125 897 1133 984; baseline 0.002 -21"><span class='ocrx_word' id='word_1_55' title='bbox 125 899 256 984; x_wconf 88' lang='lat' dir='ltr'>propria</span> <span class='ocrx_word' id='word_1_56' title='bbox 283 898 465 963; x_wconf 89' lang='lat' dir='ltr'>interficere</span> <span class='ocrx_word' id='word_1_57' title='bbox 493 898 692 980; x_wconf 90' lang='lat' dir='ltr'>compellunt</span> <span class='ocrx_word' id='word_1_58' title='bbox 718 902 775 962; x_wconf 88' lang='lat' dir='ltr'>aut</span> <span class='ocrx_word' id='word_1_59' title='bbox 801 901 935 983; x_wconf 93' lang='lat' dir='ltr'>propter</span> <span class='ocrx_word' id='word_1_60' title='bbox 962 897 1133 965; x_wconf 88' lang='lat' dir='ltr'>mulierem</span> 
     </span>
     <span class='ocr_line' id='line_1_10' title="bbox 125 988 1134 1073; baseline 0.001 -21"><span class='ocrx_word' id='word_1_61' title='bbox 125 989 175 1052; x_wconf 86' lang='lat' dir='ltr'>vel</span> <span class='ocrx_word' id='word_1_62' title='bbox 190 991 324 1071; x_wconf 89' lang='lat' dir='ltr'>propter</span> <span class='ocrx_word' id='word_1_63' title='bbox 342 1008 476 1051; x_wconf 87' lang='lat' dir='ltr'>uxorem</span> <span class='ocrx_word' id='word_1_64' title='bbox 495 991 551 1050; x_wconf 88' lang='lat' dir='ltr'>aut</span> <span class='ocrx_word' id='word_1_65' title='bbox 570 990 705 1070; x_wconf 91' lang='lat' dir='ltr'>propter</span> <span class='ocrx_word' id='word_1_66' title='bbox 722 988 841 1051; x_wconf 91' lang='lat' dir='ltr'>amoris</span> <span class='ocrx_word' id='word_1_67' title='bbox 861 988 1027 1052; x_wconf 88' lang='lat' dir='ltr'>cuiusdam</span> <span class='ocrx_word' id='word_1_68' title='bbox 1040 1010 1134 1073; x_wconf 81' lang='lat' dir='ltr'>prae·</span> 
     </span>
     <span class='ocr_line' id='line_1_11' title="bbox 124 1074 1172 1162; baseline 0.007 -23"><span class='ocrx_word' id='word_1_69' title='bbox 124 1081 273 1159; x_wconf 89' lang='lat' dir='ltr'>posteras</span> <span class='ocrx_word' id='word_1_70' title='bbox 302 1076 496 1158; x_wconf 87' lang='lat' dir='ltr'>cupiditates</span> <span class='ocrx_word' id='word_1_71' title='bbox 525 1076 716 1157; x_wconf 88' lang='lat' dir='ltr'>semetipsos</span> <span class='ocrx_word' id='word_1_72' title='bbox 742 1081 800 1139; x_wconf 88' lang='lat' dir='ltr'>aut</span> <span class='ocrx_word' id='word_1_73' title='bbox 822 1074 903 1140; x_wconf 85' lang='lat' dir='ltr'>ahos</span> <span class='ocrx_word' id='word_1_74' title='bbox 926 1077 1133 1162; x_wconf 88' lang='lat' dir='ltr'>interficient,</span> <span class='ocrx_word' id='word_1_75' title='bbox 1147 1107 1172 1147; x_wconf 85' lang='lat' dir='ltr'>ro</span> 
     </span>
     <span class='ocr_line' id='line_1_12' title="bbox 125 1162 1133 1250; baseline 0.005 -23"><span class='ocrx_word' id='word_1_76' title='bbox 125 1169 181 1228; x_wconf 88' lang='lat' dir='ltr'>aut</span> <span class='ocrx_word' id='word_1_77' title='bbox 204 1168 338 1247; x_wconf 90' lang='lat' dir='ltr'>propter</span> <span class='ocrx_word' id='word_1_78' title='bbox 361 1165 426 1227; x_wconf 88' lang='lat' dir='ltr'>tale</span> <span class='ocrx_word' id='word_1_79' title='bbox 454 1162 585 1247; x_wconf 86' lang='lat' dir='ltr'>aliquod</span> <span class='ocrx_word' id='word_1_80' title='bbox 613 1164 790 1228; x_wconf 88' lang='lat' dir='ltr'>admissum</span> <span class='ocrx_word' id='word_1_81' title='bbox 816 1164 941 1229; x_wconf 87' lang='lat' dir='ltr'>facinus</span> <span class='ocrx_word' id='word_1_82' title='bbox 963 1165 1133 1250; x_wconf 72' lang='lat' dir='ltr'>(faciunt)</span> 
     </span>
     <span class='ocr_line' id='line_1_13' title="bbox 124 1251 1133 1336; baseline 0.006 -21"><span class='ocrx_word' id='word_1_83' title='bbox 124 1253 157 1316; x_wconf 93' lang='lat' dir='ltr'>in</span> <span class='ocrx_word' id='word_1_84' title='bbox 189 1251 320 1336; x_wconf 90' lang='lat' dir='ltr'>publica</span> <span class='ocrx_word' id='word_1_85' title='bbox 350 1252 496 1317; x_wconf 88' lang='lat' dir='ltr'>custodia</span> <span class='ocrx_word' id='word_1_86' title='bbox 528 1255 585 1314; x_wconf 92' lang='lat' dir='ltr'>aut</span> <span class='ocrx_word' id='word_1_87' title='bbox 612 1252 647 1314; x_wconf 91' lang='lat' dir='ltr'>in</span> <span class='ocrx_word' id='word_1_88' title='bbox 679 1274 805 1317; x_wconf 88' lang='lat' dir='ltr'>earcere</span> <span class='ocrx_word' id='word_1_89' title='bbox 838 1251 993 1318; x_wconf 89' lang='lat' dir='ltr'>constitui</span> <span class='ocrx_word' id='word_1_90' title='bbox 1025 1258 1059 1318; x_wconf 90' lang='lat' dir='ltr'>et</span> <span class='ocrx_word' id='word_1_91' title='bbox 1092 1277 1133 1321; x_wconf 88' lang='lat' dir='ltr'>ex</span> 
     </span>
    </p>

    <p class='ocr_par' dir='ltr' id='par_1_4' title="bbox 72 1337 1170 1868">
     <span class='ocr_line' id='line_1_14' title="bbox 72 1337 1132 1427; baseline 0.003 -22"><span class='ocrx_word' id='word_1_92' title='bbox 72 1343 114 1406; x_wconf 91' lang='lat'>10</span> <span class='ocrx_word' id='word_1_93' title='bbox 124 1341 188 1405; x_wconf 91' lang='lat' dir='ltr'>ista</span> <span class='ocrx_word' id='word_1_94' title='bbox 211 1341 416 1405; x_wconf 79' lang='lat' dir='ltr'>accusatione</span> <span class='ocrx_word' id='word_1_95' title='bbox 440 1339 593 1404; x_wconf 90' lang='lat' dir='ltr'>damnari.</span> <span class='ocrx_word' id='word_1_96' title='bbox 632 1337 695 1406; x_wconf 78' lang='lat' dir='ltr'>Sed</span> <span class='ocrx_word' id='word_1_97' title='bbox 718 1341 914 1426; x_wconf 81' lang='lat' dir='ltr'>generaliter</span> <span class='ocrx_word' id='word_1_98' title='bbox 936 1341 1132 1427; x_wconf 83' lang='lat' dir='ltr'>quicumque</span> 
     </span>
     <span class='ocr_line' id='line_1_15' title="bbox 124 1428 1133 1513; baseline 0.003 -20"><span class='ocrx_word' id='word_1_99' title='bbox 124 1430 170 1493; x_wconf 88' lang='lat' dir='ltr'>sic</span> <span class='ocrx_word' id='word_1_100' title='bbox 203 1429 399 1494; x_wconf 84' lang='lat' dir='ltr'>Mercurium</span> <span class='ocrx_word' id='word_1_101' title='bbox 432 1433 465 1492; x_wconf 91' lang='lat' dir='ltr'>et</span> <span class='ocrx_word' id='word_1_102' title='bbox 497 1428 636 1493; x_wconf 88' lang='lat' dir='ltr'>Martem</span> <span class='ocrx_word' id='word_1_103' title='bbox 667 1429 854 1513; x_wconf 86' lang='lat' dir='ltr'>habuerint,</span> <span class='ocrx_word' id='word_1_104' title='bbox 890 1431 1066 1496; x_wconf 88' lang='lat' dir='ltr'>homicidia</span> <span class='ocrx_word' id='word_1_105' title='bbox 1098 1435 1133 1496; x_wconf 90' lang='lat' dir='ltr'>et</span> 
     </span>
     <span class='ocr_line' id='line_1_16' title="bbox 123 1517 1170 1604; baseline 0.007 -23"><span class='ocrx_word' id='word_1_106' title='bbox 123 1522 245 1582; x_wconf 91' lang='lat' dir='ltr'>mortes</span> <span class='ocrx_word' id='word_1_107' title='bbox 268 1517 331 1601; x_wconf 85' lang='lat' dir='ltr'>†in</span> <span class='ocrx_word' id='word_1_108' title='bbox 353 1519 500 1601; x_wconf 90' lang='lat' dir='ltr'>ipsorum</span> <span class='ocrx_word' id='word_1_109' title='bbox 522 1539 581 1600; x_wconf 89' lang='lat' dir='ltr'>pro</span> <span class='ocrx_word' id='word_1_110' title='bbox 606 1517 773 1603; x_wconf 79' lang='lat' dir='ltr'>signorum</span> <span class='ocrx_word' id='word_1_111' title='bbox 792 1518 951 1602; x_wconf 82' lang='lat' dir='ltr'>qualitate</span> <span class='ocrx_word' id='word_1_112' title='bbox 971 1518 1132 1604; x_wconf 87' lang='lat' dir='ltr'>complen·</span> <span class='ocrx_word' id='word_1_113' title='bbox 1146 1548 1170 1589; x_wconf 80' lang='lat' dir='ltr'>rs</span> 
     </span>
     <span class='ocr_line' id='line_1_17' title="bbox 123 1606 1133 1691; baseline 0.005 -22"><span class='ocrx_word' id='word_1_114' title='bbox 123 1610 191 1690; x_wconf 84' lang='lat' dir='ltr'>tur3</span> <span class='ocrx_word' id='word_1_115' title='bbox 220 1610 276 1670; x_wconf 89' lang='lat' dir='ltr'>aut</span> <span class='ocrx_word' id='word_1_116' title='bbox 299 1606 386 1670; x_wconf 92' lang='lat' dir='ltr'>enim</span> <span class='ocrx_word' id='word_1_117' title='bbox 414 1611 615 1691; x_wconf 83' lang='lat' dir='ltr'>grassatores</span> <span class='ocrx_word' id='word_1_118' title='bbox 644 1610 738 1670; x_wconf 90' lang='lat' dir='ltr'>erunt</span> <span class='ocrx_word' id='word_1_119' title='bbox 762 1612 819 1670; x_wconf 87' lang='lat' dir='ltr'>aut</span> <span class='ocrx_word' id='word_1_120' title='bbox 842 1607 986 1672; x_wconf 87' lang='lat' dir='ltr'>latrones</span> <span class='ocrx_word' id='word_1_121' title='bbox 1010 1612 1068 1673; x_wconf 93' lang='lat' dir='ltr'>aut</span> <span class='ocrx_word' id='word_1_122' title='bbox 1091 1609 1133 1674; x_wconf 87' lang='lat' dir='ltr'>ai·</span> 
     </span>
     <span class='ocr_line' id='line_1_18' title="bbox 123 1694 1132 1779; baseline 0.004 -21"><span class='ocrx_word' id='word_1_123' title='bbox 123 1694 202 1759; x_wconf 86' lang='lat' dir='ltr'>carii</span> <span class='ocrx_word' id='word_1_124' title='bbox 226 1700 282 1758; x_wconf 88' lang='lat' dir='ltr'>aut</span> <span class='ocrx_word' id='word_1_125' title='bbox 304 1694 429 1779; x_wconf 87' lang='lat' dir='ltr'>piratae</span> <span class='ocrx_word' id='word_1_126' title='bbox 454 1699 510 1758; x_wconf 93' lang='lat' dir='ltr'>aut</span> <span class='ocrx_word' id='word_1_127' title='bbox 537 1695 588 1757; x_wconf 91' lang='lat' dir='ltr'>his</span> <span class='ocrx_word' id='word_1_128' title='bbox 617 1695 752 1778; x_wconf 84' lang='lat' dir='ltr'>similes,</span> <span class='ocrx_word' id='word_1_129' title='bbox 780 1700 813 1759; x_wconf 91' lang='lat' dir='ltr'>et</span> <span class='ocrx_word' id='word_1_130' title='bbox 839 1695 874 1759; x_wconf 92' lang='lat' dir='ltr'>in</span> <span class='ocrx_word' id='word_1_131' title='bbox 900 1695 954 1760; x_wconf 91' lang='lat' dir='ltr'>his</span> <span class='ocrx_word' id='word_1_132' title='bbox 981 1695 1132 1762; x_wconf 86' lang='lat' dir='ltr'>facinori·</span> 
     </span>
     <span class='ocr_line' id='line_1_19' title="bbox 123 1783 1133 1868; baseline 0.003 -21"><span class='ocrx_word' id='word_1_133' title='bbox 123 1785 182 1847; x_wconf 90' lang='lat' dir='ltr'>bus</span> <span class='ocrx_word' id='word_1_134' title='bbox 211 1783 435 1868; x_wconf 84' lang='lat' dir='ltr'>comprehensi</span> <span class='ocrx_word' id='word_1_135' title='bbox 462 1805 519 1866; x_wconf 92' lang='lat' dir='ltr'>per</span> <span class='ocrx_word' id='word_1_136' title='bbox 548 1804 692 1847; x_wconf 83' lang='lat' dir='ltr'>severam</span> <span class='ocrx_word' id='word_1_137' title='bbox 721 1785 900 1848; x_wconf 88' lang='lat' dir='ltr'>sententiae</span> <span class='ocrx_word' id='word_1_138' title='bbox 930 1785 1133 1852; x_wconf 85' lang='lat' dir='ltr'>animadver-</span> 
     </span>
    </p>

    <p class='ocr_par' dir='ltr' id='par_1_5' title="bbox 71 1871 1171 2223">
     <span class='ocr_line' id='line_1_20' title="bbox 71 1871 1133 1958; baseline 0.004 -22"><span class='ocrx_word' id='word_1_139' title='bbox 71 1873 110 1936; x_wconf 92' lang='lat'>11</span> <span class='ocrx_word' id='word_1_140' title='bbox 124 1872 249 1936; x_wconf 88' lang='lat' dir='ltr'>sionem</span> <span class='ocrx_word' id='word_1_141' title='bbox 280 1873 476 1956; x_wconf 88' lang='lat' dir='ltr'>plectuntur.</span> <span class='ocrx_word' id='word_1_142' title='bbox 531 1871 569 1934; x_wconf 93' lang='lat' dir='ltr'>ln</span> <span class='ocrx_word' id='word_1_143' title='bbox 600 1876 759 1936; x_wconf 84' lang='lat' dir='ltr'>nocturna</span> <span class='ocrx_word' id='word_1_144' title='bbox 791 1893 867 1937; x_wconf 84' lang='lat' dir='ltr'>vero</span> <span class='ocrx_word' id='word_1_145' title='bbox 901 1873 1053 1958; x_wconf 83' lang='lat' dir='ltr'>genitura</span> <span class='ocrx_word' id='word_1_146' title='bbox 1084 1876 1133 1941; x_wconf 88' lang='lat' dir='ltr'>sio</span> 
     </span>
     <span class='ocr_line' id='line_1_21' title="bbox 123 1959 1171 2044; baseline 0.008 -20"><span class='ocrx_word' id='word_1_147' title='bbox 123 1961 222 2044; x_wconf 88' lang='lat' dir='ltr'>positi</span> <span class='ocrx_word' id='word_1_148' title='bbox 246 1960 366 2025; x_wconf 87' lang='lat' dir='ltr'>facient</span> <span class='ocrx_word' id='word_1_149' title='bbox 385 1982 440 2024; x_wconf 93' lang='lat' dir='ltr'>eos</span> <span class='ocrx_word' id='word_1_150' title='bbox 457 1959 680 2025; x_wconf 86' lang='lat' dir='ltr'>amulieribus</span> <span class='ocrx_word' id='word_1_151' title='bbox 700 1960 831 2025; x_wconf 88' lang='lat' dir='ltr'>iniustis</span> <span class='ocrx_word' id='word_1_152' title='bbox 851 1962 977 2026; x_wconf 87' lang='lat' dir='ltr'>actibus</span> <span class='ocrx_word' id='word_1_153' title='bbox 997 1963 1132 2029; x_wconf 91' lang='lat' dir='ltr'>circum·</span> <span class='ocrx_word' id='word_1_154' title='bbox 1146 1991 1171 2032; x_wconf 82' lang='lat' dir='ltr'>ro</span> 
     </span>
     <span class='ocr_line' id='line_1_22' title="bbox 123 2049 1132 2137; baseline 0.006 -25"><span class='ocrx_word' id='word_1_155' title='bbox 123 2050 221 2113; x_wconf 89' lang='lat' dir='ltr'>scribi</span> <span class='ocrx_word' id='word_1_156' title='bbox 246 2055 302 2113; x_wconf 90' lang='lat' dir='ltr'>aut</span> <span class='ocrx_word' id='word_1_157' title='bbox 324 2049 526 2133; x_wconf 86' lang='lat' dir='ltr'>viraginibus</span> <span class='ocrx_word' id='word_1_158' title='bbox 549 2049 640 2134; x_wconf 82' lang='lat' dir='ltr'>iungi</span> <span class='ocrx_word' id='word_1_159' title='bbox 664 2053 697 2113; x_wconf 92' lang='lat' dir='ltr'>et</span> <span class='ocrx_word' id='word_1_160' title='bbox 720 2051 761 2113; x_wconf 90' lang='lat' dir='ltr'>ab</span> <span class='ocrx_word' id='word_1_161' title='bbox 784 2049 835 2113; x_wconf 87' lang='lat' dir='ltr'>his</span> <span class='ocrx_word' id='word_1_162' title='bbox 858 2050 945 2115; x_wconf 89' lang='lat' dir='ltr'>filios</span> <span class='ocrx_word' id='word_1_163' title='bbox 967 2051 1132 2137; x_wconf 86' lang='lat' dir='ltr'>suscipere</span> 
     </span>
     <span class='ocr_line' id='line_1_23' title="bbox 123 2138 725 2223; baseline 0.002 -23"><span class='ocrx_word' id='word_1_164' title='bbox 123 2141 156 2200; x_wconf 90' lang='lat' dir='ltr'>et</span> <span class='ocrx_word' id='word_1_165' title='bbox 180 2160 306 2222; x_wconf 91' lang='lat' dir='ltr'>semper</span> <span class='ocrx_word' id='word_1_166' title='bbox 330 2138 456 2223; x_wconf 83' lang='lat' dir='ltr'>magnis</span> <span class='ocrx_word' id='word_1_167' title='bbox 481 2138 570 2202; x_wconf 87' lang='lat' dir='ltr'>vitiis</span> <span class='ocrx_word' id='word_1_168' title='bbox 594 2138 725 2212; x_wconf 86' lang='lat' dir='ltr'>involvi.</span> 
     </span>
    </p>

    <p class='ocr_par' dir='ltr' id='par_1_6' title="bbox 74 2226 1171 2749">
     <span class='ocr_line' id='line_1_24' title="bbox 74 2226 1132 2310; baseline 0.005 -21"><span class='ocrx_word' id='word_1_169' title='bbox 74 2228 114 2290; x_wconf 82' lang='lat'>12</span> <span class='ocrx_word' id='word_1_170' title='bbox 213 2226 252 2289; x_wconf 89' lang='lat' dir='ltr'>Iu</span> <span class='ocrx_word' id='word_1_171' title='bbox 271 2232 385 2290; x_wconf 89' lang='lat' dir='ltr'>octavo</span> <span class='ocrx_word' id='word_1_172' title='bbox 401 2228 472 2290; x_wconf 91' lang='lat' dir='ltr'>loco</span> <span class='ocrx_word' id='word_1_173' title='bbox 489 2227 530 2289; x_wconf 87' lang='lat' dir='ltr'>ab</span> <span class='ocrx_word' id='word_1_174' title='bbox 544 2227 725 2310; x_wconf 89' lang='lat' dir='ltr'>horoscopo</span> <span class='ocrx_word' id='word_1_175' title='bbox 740 2226 919 2292; x_wconf 89' lang='lat' dir='ltr'>Mercurius</span> <span class='ocrx_word' id='word_1_176' title='bbox 937 2250 1011 2293; x_wconf 89' lang='lat' dir='ltr'>cum</span> <span class='ocrx_word' id='word_1_177' title='bbox 1025 2228 1132 2295; x_wconf 88' lang='lat' dir='ltr'>Marte</span> 
     </span>
     <span class='ocr_line' id='line_1_25' title="bbox 125 2315 1132 2404; baseline 0.008 -28"><span class='ocrx_word' id='word_1_178' title='bbox 125 2315 288 2395; x_wconf 87' lang='lat' dir='ltr'>partiliter</span> <span class='ocrx_word' id='word_1_179' title='bbox 311 2316 508 2378; x_wconf 89' lang='lat' dir='ltr'>constitutus</span> <span class='ocrx_word' id='word_1_180' title='bbox 537 2315 564 2378; x_wconf 92' lang='lat' dir='ltr'>si</span> <span class='ocrx_word' id='word_1_181' title='bbox 587 2338 644 2398; x_wconf 91' lang='lat' dir='ltr'>per</span> <span class='ocrx_word' id='word_1_182' title='bbox 672 2316 759 2379; x_wconf 92' lang='lat' dir='ltr'>diem</span> <span class='ocrx_word' id='word_1_183' title='bbox 780 2316 826 2380; x_wconf 89' lang='lat' dir='ltr'>sic</span> <span class='ocrx_word' id='word_1_184' title='bbox 848 2315 947 2380; x_wconf 85' lang='lat' dir='ltr'>fuerit</span> <span class='ocrx_word' id='word_1_185' title='bbox 970 2315 1132 2404; x_wconf 81' lang='lat' dir='ltr'>inventus,</span> 
     </span>
     <span class='ocr_line' id='line_1_26' title="bbox 124 2401 1171 2488; baseline 0.009 -24"><span class='ocrx_word' id='word_1_186' title='bbox 124 2401 222 2464; x_wconf 86' lang='lat' dir='ltr'>faciet</span> <span class='ocrx_word' id='word_1_187' title='bbox 239 2401 349 2486; x_wconf 89' lang='lat' dir='ltr'>[nihil]</span> <span class='ocrx_word' id='word_1_188' title='bbox 365 2404 455 2485; x_wconf 85' lang='lat' dir='ltr'>tales,</span> <span class='ocrx_word' id='word_1_189' title='bbox 476 2403 530 2485; x_wconf 92' lang='lat' dir='ltr'>qui</span> <span class='ocrx_word' id='word_1_190' title='bbox 549 2403 631 2466; x_wconf 93' lang='lat' dir='ltr'>nihil</span> <span class='ocrx_word' id='word_1_191' title='bbox 651 2426 690 2466; x_wconf 85' lang='lat' dir='ltr'>ex</span> <span class='ocrx_word' id='word_1_192' title='bbox 708 2404 765 2487; x_wconf 83' lang='lat' dir='ltr'>eis,</span> <span class='ocrx_word' id='word_1_193' title='bbox 789 2425 869 2486; x_wconf 90' lang='lat' dir='ltr'>qnae</span> <span class='ocrx_word' id='word_1_194' title='bbox 889 2406 1034 2488; x_wconf 88' lang='lat' dir='ltr'>cupiunt,</span> <span class='ocrx_word' id='word_1_195' title='bbox 1059 2428 1133 2472; x_wconf 90' lang='lat' dir='ltr'>con·</span> <span class='ocrx_word' id='word_1_196' title='bbox 1146 2430 1171 2473; x_wconf 76' lang='lat' dir='ltr'>rs</span> 
     </span>
     <span class='ocr_line' id='line_1_27' title="bbox 125 2490 1133 2577; baseline 0.008 -25"><span class='ocrx_word' id='word_1_197' title='bbox 125 2490 217 2571; x_wconf 90' lang='lat' dir='ltr'>sequi</span> <span class='ocrx_word' id='word_1_198' title='bbox 240 2495 390 2574; x_wconf 87' lang='lat' dir='ltr'>possunt,</span> <span class='ocrx_word' id='word_1_199' title='bbox 418 2491 473 2554; x_wconf 90' lang='lat' dir='ltr'>sed</span> <span class='ocrx_word' id='word_1_200' title='bbox 496 2490 695 2573; x_wconf 89' lang='lat' dir='ltr'>periculosos</span> <span class='ocrx_word' id='word_1_201' title='bbox 719 2495 752 2554; x_wconf 88' lang='lat' dir='ltr'>ct</span> <span class='ocrx_word' id='word_1_202' title='bbox 780 2493 836 2573; x_wconf 88' lang='lat' dir='ltr'>qui</span> <span class='ocrx_word' id='word_1_203' title='bbox 859 2513 953 2558; x_wconf 90' lang='lat' dir='ltr'>omne</span> <span class='ocrx_word' id='word_1_204' title='bbox 977 2496 1133 2577; x_wconf 88' lang='lat' dir='ltr'>patrimo·</span> 
     </span>
     <span class='ocr_line' id='line_1_28' title="bbox 125 2578 1133 2654; baseline 0.009 -13"><span class='ocrx_word' id='word_1_205' title='bbox 125 2578 215 2641; x_wconf 93' lang='lat' dir='ltr'>nium</span> <span class='ocrx_word' id='word_1_206' title='bbox 235 2579 380 2642; x_wconf 88' lang='lat' dir='ltr'>funditus</span> <span class='ocrx_word' id='word_1_207' title='bbox 399 2579 561 2642; x_wconf 88' lang='lat' dir='ltr'>amittant.</span> <span class='ocrx_word' id='word_1_208' title='bbox 600 2579 738 2654; x_wconf 83' lang='lat' dir='ltr'>Quidam</span> <span class='ocrx_word' id='word_1_209' title='bbox 756 2602 833 2644; x_wconf 88' lang='lat' dir='ltr'>vero</span> <span class='ocrx_word' id='word_1_210' title='bbox 853 2588 948 2646; x_wconf 89' lang='lat' dir='ltr'>erunt</span> <span class='ocrx_word' id='word_1_211' title='bbox 968 2583 1075 2648; x_wconf 89' lang='lat' dir='ltr'>insani</span> <span class='ocrx_word' id='word_1_212' title='bbox 1094 2606 1133 2650; x_wconf 87' lang='lat' dir='ltr'>ac</span> 
     </span>
     <span class='ocr_line' id='line_1_29' title="bbox 124 2665 1132 2749; baseline 0.009 -20"><span class='ocrx_word' id='word_1_213' title='bbox 124 2665 255 2749; x_wconf 82' lang='lat' dir='ltr'>furiosi3</span> <span class='ocrx_word' id='word_1_214' title='bbox 278 2666 334 2729; x_wconf 90' lang='lat' dir='ltr'>alii</span> <span class='ocrx_word' id='word_1_215' title='bbox 357 2666 391 2730; x_wconf 89' lang='lat' dir='ltr'>in</span> <span class='ocrx_word' id='word_1_216' title='bbox 414 2667 595 2730; x_wconf 89' lang='lat' dir='ltr'>custodiam</span> <span class='ocrx_word' id='word_1_217' title='bbox 616 2669 797 2732; x_wconf 90' lang='lat' dir='ltr'>coiciuntur</span> <span class='ocrx_word' id='word_1_218' title='bbox 815 2673 873 2733; x_wconf 88' lang='lat' dir='ltr'>aut</span> <span class='ocrx_word' id='word_1_219' title='bbox 891 2671 1132 2738; x_wconf 89' lang='lat' dir='ltr'>damnabuntur</span> 
     </span>
    </p>

    <p class='ocr_par' dir='ltr' id='par_1_7' title="bbox 71 2753 1133 2846">
     <span class='ocr_line' id='line_1_30' title="bbox 71 2753 1133 2846; baseline 0.008 -27"><span class='ocrx_word' id='word_1_220' title='bbox 71 2757 157 2820; x_wconf 82' lang='grc'><strong>1311</strong></span> <span class='ocrx_word' id='word_1_221' title='bbox 182 2755 301 2818; x_wconf 88' lang='lat' dir='ltr'>finiunt</span> <span class='ocrx_word' id='word_1_222' title='bbox 327 2753 490 2838; x_wconf 86' lang='lat' dir='ltr'>frequenti</span> <span class='ocrx_word' id='word_1_223' title='bbox 517 2755 642 2820; x_wconf 88' lang='lat' dir='ltr'>ratione</span> <span class='ocrx_word' id='word_1_224' title='bbox 673 2757 866 2822; x_wconf 90' lang='lat' dir='ltr'>biothanati.</span> <span class='ocrx_word' id='word_1_225' title='bbox 912 2756 946 2823; x_wconf 81' lang='lat' dir='ltr'>si</span> <span class='ocrx_word' id='word_1_226' title='bbox 973 2781 1050 2825; x_wconf 80' lang='lat' dir='ltr'>vero</span> <span class='ocrx_word' id='word_1_227' title='bbox 1073 2784 1133 2846; x_wconf 89' lang='lat' dir='ltr'>per</span> 
     </span>
    </p>
   </div>
   <div class='ocr_carea' id='block_1_3' title="bbox 122 2909 1133 3552">
    <p class='ocr_par' dir='ltr' id='par_1_8' title="bbox 122 2909 1133 3552">
     <span class='ocr_line' id='line_1_31' title="bbox 212 2909 1133 2986; baseline 0.009 -23"><span class='ocrx_word' id='word_1_228' title='bbox 212 2917 228 2964; x_wconf 84' lang='lat'>4</span> <span class='ocrx_word' id='word_1_229' title='bbox 248 2911 364 2964; x_wconf 90' lang='lat' dir='ltr'>aborosc</span> <span class='ocrx_word' id='word_1_230' title='bbox 382 2916 410 2963; x_wconf 78' lang='grc' dir='ltr'><strong>Β</strong></span> <span class='ocrx_word' id='word_1_231' title='bbox 482 2916 513 2964; x_wconf 92' lang='grc'>11</span> <span class='ocrx_word' id='word_1_232' title='bbox 535 2909 643 2980; x_wconf 89' lang='lat' dir='ltr'>aliquot</span> <span class='ocrx_word' id='word_1_233' title='bbox 664 2918 692 2965; x_wconf 75' lang='grc' dir='ltr'><strong>Β</strong></span> <span class='ocrx_word' id='word_1_234' title='bbox 715 2912 830 2982; x_wconf 91' lang='lat' dir='ltr'>aliquod</span> <span class='ocrx_word' id='word_1_235' title='bbox 853 2914 911 2968; x_wconf 89' lang='lat' dir='ltr'>tale</span> <span class='ocrx_word' id='word_1_236' title='bbox 928 2920 951 2967; x_wconf 99' lang='lat' dir='ltr'>V</span> <span class='ocrx_word' id='word_1_237' title='bbox 972 2915 977 2986; x_wconf 86' lang='grc' dir='ltr'>Ι</span> <span class='ocrx_word' id='word_1_238' title='bbox 998 2915 1133 2971; x_wconf 88' lang='lat' dir='ltr'>amissum</span> 
     </span>
     <span class='ocr_line' id='line_1_32' title="bbox 122 2981 1133 3056; baseline 0.009 -22"><span class='ocrx_word' id='word_1_239' title='bbox 122 2987 176 3035; x_wconf 77' lang='lat' dir='ltr'>MV</span> <span class='ocrx_word' id='word_1_240' title='bbox 196 2981 356 3035; x_wconf 90' lang='lat' dir='ltr'>ammissum</span> <span class='ocrx_word' id='word_1_241' title='bbox 374 2987 422 3033; x_wconf 82' lang='lat' dir='ltr'>PB</span> <span class='ocrx_word' id='word_1_242' title='bbox 438 2983 442 3050; x_wconf 93' lang='grc' dir='ltr'>Ι</span> <span class='ocrx_word' id='word_1_243' title='bbox 458 2984 546 3050; x_wconf 80' lang='lat' dir='ltr'>suppl.</span> <span class='ocrx_word' id='word_1_244' title='bbox 561 3000 600 3036; x_wconf 82' lang='grc' dir='ltr'>κσ</span> <span class='ocrx_word' id='word_1_245' title='bbox 672 2990 704 3037; x_wconf 88' lang='grc'>11</span> <span class='ocrx_word' id='word_1_246' title='bbox 725 2983 858 3038; x_wconf 84' lang='lat' dir='ltr'>constitui</span> <span class='ocrx_word' id='word_1_247' title='bbox 876 2988 905 3038; x_wconf 91' lang='lat' dir='ltr'>et</span> <span class='ocrx_word' id='word_1_248' title='bbox 921 2985 963 3056; x_wconf 78' lang='lat' dir='ltr'>A&#39;]</span> <span class='ocrx_word' id='word_1_249' title='bbox 984 2988 1133 3042; x_wconf 88' lang='lat' dir='ltr'>constituti</span> 
     </span>
     <span class='ocr_line' id='line_1_33' title="bbox 124 3052 1133 3125; baseline 0.01 -20"><span class='ocrx_word' id='word_1_250' title='bbox 124 3060 158 3106; x_wconf 83' lang='grc'>14</span> <span class='ocrx_word' id='word_1_251' title='bbox 177 3053 217 3106; x_wconf 90' lang='lat' dir='ltr'>sic</span> <span class='ocrx_word' id='word_1_252' title='bbox 230 3052 399 3107; x_wconf 91' lang='lat' dir='ltr'>Mercurium</span> <span class='ocrx_word' id='word_1_253' title='bbox 413 3054 440 3124; x_wconf 82' lang='lat' dir='ltr'>a]</span> <span class='ocrx_word' id='word_1_254' title='bbox 459 3052 559 3106; x_wconf 91' lang='lat' dir='ltr'>missus</span> <span class='ocrx_word' id='word_1_255' title='bbox 578 3056 620 3107; x_wconf 93' lang='lat' dir='ltr'>est</span> <span class='ocrx_word' id='word_1_256' title='bbox 693 3061 725 3107; x_wconf 82' lang='lat'>15</span> <span class='ocrx_word' id='word_1_257' title='bbox 744 3054 812 3125; x_wconf 91' lang='lat' dir='ltr'>ipsis</span> <span class='ocrx_word' id='word_1_258' title='bbox 826 3061 849 3108; x_wconf 94' lang='lat' dir='ltr'>V</span> <span class='ocrx_word' id='word_1_259' title='bbox 867 3055 898 3109; x_wconf 89' lang='lat' dir='ltr'>in</span> <span class='ocrx_word' id='word_1_260' title='bbox 913 3058 963 3112; x_wconf 86' lang='lat' dir='ltr'>del.</span> <span class='ocrx_word' id='word_1_261' title='bbox 979 3058 1133 3114; x_wconf 79' lang='lat' dir='ltr'>Mommsen</span> 
     </span>
     <span class='ocr_line' id='line_1_34' title="bbox 125 3123 1133 3196; baseline 0.007 -19"><span class='ocrx_word' id='word_1_262' title='bbox 125 3130 157 3177; x_wconf 85' lang='grc'>11</span> <span class='ocrx_word' id='word_1_263' title='bbox 178 3124 275 3192; x_wconf 82' lang='lat' dir='ltr'>simile,</span> <span class='ocrx_word' id='word_1_264' title='bbox 295 3141 361 3178; x_wconf 84' lang='lat' dir='ltr'>corr.</span> <span class='ocrx_word' id='word_1_265' title='bbox 377 3123 407 3176; x_wconf 76' lang='lat' dir='ltr'>A&#39;</span> <span class='ocrx_word' id='word_1_266' title='bbox 500 3130 532 3178; x_wconf 89' lang='lat'>18</span> <span class='ocrx_word' id='word_1_267' title='bbox 551 3141 733 3193; x_wconf 87' lang='lat' dir='ltr'>perseuerans</span> <span class='ocrx_word' id='word_1_268' title='bbox 756 3126 839 3196; x_wconf 81' lang='lat' dir='ltr'>(anti</span> <span class='ocrx_word' id='word_1_269' title='bbox 856 3132 890 3195; x_wconf 91' lang='lat' dir='ltr'>V)</span> <span class='ocrx_word' id='word_1_270' title='bbox 914 3145 934 3182; x_wconf 91' lang='lat' dir='ltr'>s.</span> <span class='ocrx_word' id='word_1_271' title='bbox 955 3127 1133 3184; x_wconf 86' lang='lat' dir='ltr'>animaduer-</span> 
     </span>
     <span class='ocr_line' id='line_1_35' title="bbox 124 3195 1133 3281; baseline 0.008 -33"><span class='ocrx_word' id='word_1_272' title='bbox 124 3195 201 3249; x_wconf 91' lang='lat' dir='ltr'>sione</span> <span class='ocrx_word' id='word_1_273' title='bbox 225 3195 393 3266; x_wconf 85' lang='lat' dir='ltr'>(-auersione</span> <span class='ocrx_word' id='word_1_274' title='bbox 412 3198 469 3262; x_wconf 82' lang='grc' dir='ltr'>ΡΒ)</span> <span class='ocrx_word' id='word_1_275' title='bbox 542 3201 575 3248; x_wconf 87' lang='grc'>19</span> <span class='ocrx_word' id='word_1_276' title='bbox 594 3196 751 3267; x_wconf 81' lang='lat' dir='ltr'>flectuntur,</span> <span class='ocrx_word' id='word_1_277' title='bbox 770 3215 837 3252; x_wconf 81' lang='lat' dir='ltr'>corr.</span> <span class='ocrx_word' id='word_1_278' title='bbox 857 3202 879 3257; x_wconf 80' lang='lat' dir='ltr'>a</span> <span class='ocrx_word' id='word_1_279' title='bbox 896 3205 921 3254; x_wconf 83' lang='lat' dir='ltr'>et</span> <span class='ocrx_word' id='word_1_280' title='bbox 938 3204 961 3251; x_wconf 96' lang='lat' dir='ltr'>V</span> <span class='ocrx_word' id='word_1_281' title='bbox 984 3200 1133 3281; x_wconf 80' lang='lat' dir='ltr'>(complec-</span> 
     </span>
     <span class='ocr_line' id='line_1_36' title="bbox 124 3265 1120 3340; baseline 0.006 -20"><span class='ocrx_word' id='word_1_282' title='bbox 124 3270 230 3336; x_wconf 85' lang='lat' dir='ltr'>tuntur)</span> <span class='ocrx_word' id='word_1_283' title='bbox 299 3273 330 3319; x_wconf 85' lang='grc'>11</span> <span class='ocrx_word' id='word_1_284' title='bbox 351 3265 533 3336; x_wconf 83' lang='lat' dir='ltr'>uoraginibus</span> <span class='ocrx_word' id='word_1_285' title='bbox 546 3272 588 3319; x_wconf 64' lang='grc'>111</span> <span class='ocrx_word' id='word_1_286' title='bbox 605 3265 762 3338; x_wconf 81' lang='lat' dir='ltr'>uirginibus</span> <span class='ocrx_word' id='word_1_287' title='bbox 775 3275 813 3321; x_wconf 66' lang='lat' dir='ltr'>12⁸b</span> <span class='ocrx_word' id='word_1_288' title='bbox 880 3275 913 3322; x_wconf 80' lang='grc'>15</span> <span class='ocrx_word' id='word_1_289' title='bbox 932 3270 1004 3324; x_wconf 89' lang='lat' dir='ltr'>tales</span> <span class='ocrx_word' id='word_1_290' title='bbox 1018 3289 1068 3340; x_wconf 85' lang='lat' dir='ltr'>qur</span> <span class='ocrx_word' id='word_1_291' title='bbox 1081 3290 1120 3327; x_wconf 75' lang='lat' dir='ltr'>ae</span> 
     </span>
     <span class='ocr_line' id='line_1_37' title="bbox 123 3337 1120 3411; baseline 0.007 -21"><span class='ocrx_word' id='word_1_292' title='bbox 123 3337 195 3390; x_wconf 89' lang='lat' dir='ltr'>nihil</span> <span class='ocrx_word' id='word_1_293' title='bbox 214 3337 270 3392; x_wconf 90' lang='lat' dir='ltr'>tale</span> <span class='ocrx_word' id='word_1_294' title='bbox 290 3337 314 3390; x_wconf 92' lang='lat' dir='ltr'>si</span> <span class='ocrx_word' id='word_1_295' title='bbox 332 3340 366 3405; x_wconf 84' lang='lat' dir='ltr'>cf.</span> <span class='ocrx_word' id='word_1_296' title='bbox 382 3343 445 3404; x_wconf 85' lang='lat'><em>161,</em></span> <span class='ocrx_word' id='word_1_297' title='bbox 462 3350 479 3391; x_wconf 83' lang='lat'>7.</span> <span class='ocrx_word' id='word_1_298' title='bbox 499 3343 564 3406; x_wconf 83' lang='grc'><strong>188,</strong></span> <span class='ocrx_word' id='word_1_299' title='bbox 580 3352 605 3388; x_wconf 80' lang='lat' dir='ltr'>rs</span> <span class='ocrx_word' id='word_1_300' title='bbox 621 3342 625 3408; x_wconf 70' lang='grc' dir='ltr'>Ι</span> <span class='ocrx_word' id='word_1_301' title='bbox 642 3339 739 3411; x_wconf 78' lang='lat' dir='ltr'>eisA&#39;]</span> <span class='ocrx_word' id='word_1_302' title='bbox 759 3356 793 3394; x_wconf 90' lang='lat' dir='ltr'>ea</span> <span class='ocrx_word' id='word_1_303' title='bbox 864 3345 897 3393; x_wconf 87' lang='grc'>16</span> <span class='ocrx_word' id='word_1_304' title='bbox 916 3358 1009 3411; x_wconf 78' lang='lat' dir='ltr'>nempe</span> <span class='ocrx_word' id='word_1_305' title='bbox 1022 3342 1120 3411; x_wconf 76' lang='lat' dir='ltr'>poesin</span> 
     </span>
     <span class='ocr_line' id='line_1_38' title="bbox 125 3407 1132 3479; baseline 0.008 -19"><span class='ocrx_word' id='word_1_306' title='bbox 125 3415 156 3460; x_wconf 84' lang='grc'>11</span> <span class='ocrx_word' id='word_1_307' title='bbox 178 3407 298 3462; x_wconf 86' lang='lat' dir='ltr'>amitant</span> <span class='ocrx_word' id='word_1_308' title='bbox 315 3415 338 3460; x_wconf 99' lang='grc' dir='ltr'><strong>Β</strong></span> <span class='ocrx_word' id='word_1_309' title='bbox 428 3413 461 3462; x_wconf 85' lang='grc'>18</span> <span class='ocrx_word' id='word_1_310' title='bbox 486 3408 614 3462; x_wconf 88' lang='lat' dir='ltr'>custodia</span> <span class='ocrx_word' id='word_1_311' title='bbox 641 3413 730 3479; x_wconf 88' lang='lat' dir='ltr'>(custo</span> <span class='ocrx_word' id='word_1_312' title='bbox 753 3414 803 3479; x_wconf 77' lang='grc' dir='ltr'>Β),</span> <span class='ocrx_word' id='word_1_313' title='bbox 831 3427 934 3466; x_wconf 66' lang='lat' dir='ltr'>corea</span> <span class='ocrx_word' id='word_1_314' title='bbox 1024 3413 1132 3468; x_wconf 78' lang='grc'><strong>19111-</strong></span> 
     </span>
     <span class='ocr_line' id='line_1_39' title="bbox 124 3479 847 3552; baseline 0.004 -21"><span class='ocrx_word' id='word_1_315' title='bbox 124 3482 249 3547; x_wconf 87' lang='lat' dir='ltr'>quenter,</span> <span class='ocrx_word' id='word_1_316' title='bbox 268 3497 335 3534; x_wconf 81' lang='lat' dir='ltr'>corr.</span> <span class='ocrx_word' id='word_1_317' title='bbox 356 3499 373 3532; x_wconf 86' lang='lat' dir='ltr'>a</span> <span class='ocrx_word' id='word_1_318' title='bbox 388 3481 393 3552; x_wconf 80' lang='grc' dir='ltr'>Ι</span> <span class='ocrx_word' id='word_1_319' title='bbox 408 3479 577 3549; x_wconf 81' lang='lat' dir='ltr'>byothanati</span> <span class='ocrx_word' id='word_1_320' title='bbox 596 3486 619 3533; x_wconf 90' lang='grc' dir='ltr'><strong>Β</strong></span> <span class='ocrx_word' id='word_1_321' title='bbox 636 3481 811 3536; x_wconf 84' lang='lat' dir='ltr'>biothanatis</span> <span class='ocrx_word' id='word_1_322' title='bbox 824 3487 847 3534; x_wconf 95' lang='lat' dir='ltr'>V</span> 
     </span>
    </p>
   </div>
   <div class='ocr_carea' id='block_1_4' title="bbox 0 0 1212 3840">
    <p class='ocr_par' dir='ltr' id='par_1_9' title="bbox 0 0 1212 3840">
     <span class='ocr_line' id='line_1_40' title="bbox 0 0 1212 3840; baseline 0 0"><span class='ocrx_word' id='word_1_323' title='bbox 0 0 1212 3840; x_wconf 95' lang='lat' dir='ltr'> </span> 
     </span>
    </p>
   </div>
  </div>
 </body>
</html>
