2416 3840
133 162 175 226 66
572 160 710 215 FIRMICI
749 195 751 200 .

134 330 198 391 qua
221 330 298 372 vero
323 307 403 372 haec
426 308 498 372 loca
526 307 696 371 malivolae
725 306 838 370 stellae
866 304 1046 370 radiatione
1073 327 1145 389 per-

102 397 270 462 4cutiant.
317 394 556 480 Quemcumque
584 396 671 460 enim
697 395 805 460 locum
832 394 1001 458 benivolae
1029 393 1144 459 stellae

135 484 336 568 respexerint
362 485 414 550 vel
438 485 471 549 in
495 485 606 549 eodem
628 485 701 549 loco
725 484 846 548 constit
847 487 923 546 utae
950 483 1001 546 vel
1025 483 1064 547 de
1087 484 1144 547 tri-

131 594 217 658 gono
241 573 291 637 vel
310 573 348 637 de
368 594 523 674 exagono,
548 573 666 657 omnia,
690 595 771 656 quae
791 572 974 655 quaerenda
992 571 1143 656 diximus,

98 662 232 729 bfelicit
234 684 269 737 er
299 663 500 746 proveniunt.
479 661 583 727 tsi
615 684 691 726 vero
730 662 798 725 sine
830 660 1019 725 testimonio
1052 660 1180 729 beni-5

131 751 315 815 volarums
318 751 469 815 bellarum
495 751 583 815 solae
606 742 833 815 malivolaet
801 749 915 814 stellae
944 749 995 814 vel
1018 749 1141 814 ibidem

60 902 65 912 ,
131 840 327 904 constitutae
346 840 397 904 vel
411 841 449 904 de
465 841 601 922 quadrat
603 862 622 904 o
587 840 687 903 tvel
703 839 741 902 de
756 836 914 902 diametro
932 837 1013 903 haec
1028 839 1141 903 eadem

129 927 300 993 infecerint
318 929 398 1012 loca,
416 950 475 1012 pro
495 928 651 1011 qualitate
669 927 920 1010 uniuscuiusque
939 925 1002 990 loci
1022 927 1142 1012 omnia,

131 1038 212 1100 quae
235 1017 374 1080 diximus
401 1016 437 1080 in
460 1016 598 1102 singulis
621 1017 703 1082 locis
730 1016 833 1080 videri
859 1016 988 1096 debere,
1017 1016 1141 1080 crebris

100 1104 384 1172 binfortuniorum
398 1105 641 1170 calamitatibus
656 1106 832 1170 cumulant.
864 1103 899 1168 Si
912 1126 988 1168 vero
1004 1108 1038 1168 et
1051 1104 1142 1169 beni·
1156 1134 1182 1173 ro

130 1193 222 1259 volae
246 1198 279 1256 et
303 1194 474 1274 malivolae
498 1195 611 1258 stellae
634 1195 704 1277 pari
727 1193 906 1257 radiatione
929 1193 1141 1276 respexerint,
1189 1230 1192 1235 ·

129 1285 162 1346 et
181 1281 321 1347 felicitas
341 1282 499 1347 minuitur
522 1289 555 1346 et
576 1283 792 1347 infortunium
815 1282 987 1366 mitigatur
1011 1286 1044 1346 et
1067 1286 1141 1347 tota

128 1369 193 1436 loci
221 1372 405 1436 substantia
437 1371 591 1437 mediocri
623 1371 865 1456 aequabilitatis
896 1370 1023 1435 ratione
1055 1392 1142 1436 com-

128 1458 273 1543 ponitur,
301 1464 338 1524 ut
365 1483 385 1524 a
407 1460 568 1525 malivolis
595 1461 788 1525 nocentibus
815 1459 1040 1523 benivolarum
1064 1460 1141 1524 stel-

99 1552 116 1614 7
129 1549 233 1613 larum
248 1549 383 1613 salutari
397 1550 558 1631 praesidio
572 1548 760 1613 liberentur.
790 1546 917 1632 Inspice
932 1548 1041 1632 etiam,
1056 1569 1141 1630 quae
1157 1578 1182 1618 15

129 1637 225 1702 stella
248 1638 364 1720 inquo
383 1637 456 1701 loco
481 1638 661 1702 constituta
684 1637 775 1702 cuius
800 1637 913 1700 stellae
937 1636 1140 1701 domicilium

127 1725 179 1789 vel
201 1726 281 1790 fines
304 1725 483 1808 possideat,
512 1730 557 1809 et,
585 1727 670 1791 siin
694 1726 800 1790 aliena
823 1726 918 1790 domo
942 1724 1041 1790 fuerit
1066 1747 1142 1790 con·

128 1814 255 1898 stiluta,
273 1813 396 1897 inspice
415 1813 582 1879 dominum
600 1815 713 1899 ipsius,
732 1837 828 1898 quern
845 1814 954 1878 locum
968 1813 1141 1898 geniturae

126 1904 300 1986 possideat,
324 1908 356 1966 et
380 1925 422 1966 an
443 1903 611 1986 inprimis
633 1902 816 1968 cardinibus
835 1903 879 1967 sit
902 1904 1073 1987 geniturae
1096 1925 1141 1968 an

126 2014 202 2056 vero
230 1990 265 2055 in
282 1991 436 2093 ’secundis
459 1992 540 2057 locis
571 2016 612 2057 an
640 1992 675 2056 in
697 1992 875 2076 pigris‚et
843 1992 937 2055 etin
965 1991 1183 2062 altitudinem

135 2101 193 2144 sua
216 2103 258 2145 an
279 2080 314 2144 in
336 2080 587 2164 deiectione,t
554 2087 587 2146 et
611 2104 652 2145 an
674 2081 709 2145 in
732 2080 848 2165 quibus
872 2080 1012 2181 gaudeat
1035 2080 1142 2166 signis

104 2169 211 2235 8an
201 2192 236 2233 m
264 2170 380 2253 quibus
412 2174 469 2234 nat
455 2171 553 2234 turali
585 2171 725 2254 quodam
757 2169 868 2233 dolore
898 2169 1057 2233 tristetur.
1105 2167 1142 2234 Si

126 2257 212 2321 enim
236 2257 384 2322 dominus
409 2258 495 2343 signi
518 2260 599 2322 bene
622 2258 721 2322 fuerit
745 2257 938 2341 collocatus,
966 2218 1140 2324 felicitatis

124 2345 227 2429 ipsius
250 2352 378 2429 partem
402 2348 501 2411 etiam
524 2347 635 2411 illast
622 2346 708 2428 tella,
731 2347 769 2410 de
789 2369 853 2430 qua
876 2347 1073 2430 quaerimus,
1098 2370 1141 2412 ex

126 2434 266 2518 hospitis
286 2435 404 2519 gaudio
423 2439 604 2520 mutuatur3
624 2437 743 2500 sivero
763 2435 911 2500 dominus
930 2435 1034 2518 ipsius
1050 2436 1141 2521 signi
1155 2466 1181 2507 25

127 2523 237 2606 aliqua
260 2523 304 2587 sit
326 2522 452 2588 ratione
476 2523 631 2609 deiectus,
660 2523 759 2589 etiam
786 2525 843 2588 illa
869 2525 978 2609 stella,
1006 2525 1045 2588 de
1074 2547 1143 2608 qua

127 2612 322 2696 quaerimus,
339 2611 416 2677 licet
435 2612 479 2675 sit
498 2613 532 2677 in
551 2613 721 2697 oportunis
742 2614 909 2697 geniturae
928 2613 1009 2678 locis
1027 2613 1142 2698 posita

127 2704 159 2764 et
188 2700 229 2764 ad
251 2702 481 2784 praestandum
510 2700 632 2785 aliquid
659 2701 748 2767 facili
776 2702 820 2766 sit
847 2702 974 2767 ratione
996 2702 1142 2788 firmata,

127 2811 166 2853 ex
184 2789 362 2855 deiectione
381 2790 469 2855 illius
489 2791 612 2876 stellae,
634 2813 715 2875 quae
734 2790 820 2876 signi
839 2791 969 2855 domina
987 2795 1047 2876 est,
1066 2813 1141 2876 par-

95 2878 271 2962 9ticipatis
295 2879 528 2945 deiectionibus
555 2880 739 2965 impeditur.
784 2879 830 2945 Et
857 2879 920 2945 hoc
948 2902 987 2944 ex
1013 2881 1182 2951 nostrisa

127 2969 254 3033 actibus
277 2967 366 3033 facili
386 2974 480 3052 potes
504 2970 630 3035 ratione
655 2969 820 3054 colligere:
844 2969 872 3033 si
891 2968 982 3033 cuius
1002 2969 1138 3036 domum

214 3184 230 3230 2
250 3194 423 3247 quecumque
441 3184 516 3231 PBV
597 3186 614 3231 4
633 3178 726 3232 omnia
744 3196 794 3233 om.
813 3186 834 3232 Ρ
913 3185 945 3232 12
965 3181 995 3232 et
1012 3178 1138 3237 felicitas

127 3250 323 3315 ioc.uf.12¹
378 3256 411 3303 14
429 3249 548 3303 mauolis
566 3255 590 3301 B
644 3255 676 3303 15
696 3249 831 3304 liberetur
845 3251 997 3306 Mommsen
1052 3257 1087 3305 20
1106 3255 1139 3307 et

124 3319 205 3392 <an>
225 3319 254 3373 in
269 3319 298 3372 A‘
355 3327 386 3373 21
407 3319 437 3374 in
451 3322 588 3390 posterius
604 3326 692 3375 orrav
747 3327 780 3375 25
798 3322 989 3393 munsture]
1008 3324 1139 3377 mutatur

684 3395 797 3434 ‘tratione
812 3394 914 3434 deiectus

125 3445 540 3514 HPBV1cf.ll1aoil.11964
594 3451 627 3499 26
647 3444 802 3500 deiectione
820 3448 945 3501 mutatus
963 3452 990 3500 Ι
1042 3453 1076 3501 27
1096 3447 1138 3503 sit

124 3529 174 3568 cm.
194 3519 221 3565 Π
295 3521 328 3567 29
347 3517 392 3587 ex]
412 3519 480 3575 ero
