2416 3840
123 147 188 213 100
557 145 694 201 unimur
800 132 804 140 '

73 294 225 359 lluxore
254 297 312 358 aut
340 290 483 378 indignis
511 290 575 355 sibi
602 290 819 356 matrimoniis
851 292 1053 377 copulantur.
1102 293 1137 361 Si

126 404 202 448 vero
225 405 283 467 per
306 384 436 446 noctem
459 376 559 444 istum
582 380 751 465 geniturae
775 381 881 445 locum
906 378 1067 447 Saturnus
1091 387 1138 449 tc·

122 471 245 557 nuerit,
278 491 432 555 processu
463 467 581 533 aetatis
615 469 945 555 quantulumcumque
973 471 1138 556 †domino

122 564 250 645 partem
274 556 444 625 felicitatis
468 557 628 642 adsignat,
650 559 806 623 virtutem
829 581 905 624 vero
929 558 999 624 eius
1022 559 1137 628 incon-

124 652 267 714 stantem
289 646 383 732 facit,
410 647 540 711 tardum
570 645 670 710 etiam
694 647 729 711 in
753 647 903 712 omnibus
928 649 1057 714 actibus
1081 651 1137 717 ho·
1164 675 1175 717 s

124 738 246 803 minem
279 741 313 802 et
344 736 476 820 pigrum
505 735 719 820 demonstrat,
757 737 913 820 quosdam
946 742 1070 823 autem,
1109 741 1137 805 si

123 826 276 892 deficiens
305 846 339 889 se
368 825 398 888 ei
426 824 518 888 Luna
545 822 760 906 coniunxerit,
791 825 871 890 facit
901 827 1139 910 patrimonium

123 915 274 980 amittere
304 916 350 998 et,
378 912 532 996 quicquid
560 917 634 978 ante
660 913 845 998 quaesitum
867 913 988 1000 fuerat,
1018 916 1140 982 misera

123 1003 322 1069 laceratione
345 1001 530 1085 deperdere.

71 1093 113 1157 12
214 1091 254 1156 ln
277 1096 368 1156 sexto
390 1090 463 1156 loco
484 1088 644 1154 Saturnus
668 1091 709 1155 ab
731 1090 913 1175 horoscopo
937 1093 1175 1160 constituturis

125 1203 220 1246 omne
254 1180 488 1265 patrimonium
521 1177 672 1265 dissipat3
708 1179 792 1244 male
826 1180 911 1244 enim
943 1203 1070 1267 semper
1103 1184 1139 1249 in

125 1270 190 1334 isto
209 1269 422 1334 constituitur
438 1265 523 1333 loco.
561 1266 655 1333 Facit
676 1267 776 1332 etiam
794 1269 1022 1355 aegritudines,
1045 1294 1139 1356 prac-

125 1357 239 1424 sertim
263 1359 291 1423 si
314 1357 466 1424 deficiens
491 1378 525 1421 se
549 1357 579 1421 ei
597 1355 690 1421 Luna
712 1355 916 1422 coniunxerit
939 1360 989 1422 vel
1014 1359 1139 1426 sicum

125 1446 277 1513 deficiens
301 1468 358 1533 per
382 1448 578 1512 diametrum
600 1446 779 1530 respexerit
802 1446 852 1511 vel
876 1447 904 1510 si
924 1447 1084 1530 quadrata
1108 1450 1138 1514 ei

124 1537 275 1601 deficiens
298 1533 413 1620 fuerit3
434 1534 535 1600 faciet
557 1534 704 1599 infelices
727 1533 865 1600 infames
890 1536 1057 1620 erraticae,
1081 1537 1138 1623 qui
1150 1563 1173 1603 rs

73 1623 158 1688 lain
180 1647 245 1690 uno
273 1646 454 1707 numquam
480 1624 608 1708 possint
635 1621 810 1688 consistere
838 1625 919 1689 loco.
966 1623 1001 1690 si
1025 1632 1137 1693 autem

126 1713 173 1778 sic
197 1714 412 1779 constitutum
433 1710 610 1777 Saturnum
633 1713 684 1777 vel
703 1713 741 1776 de
761 1713 918 1796 quadrato
941 1713 993 1778 vel
1012 1715 1052 1780 de
1072 1717 1138 1782 dia·

63 1847 65 1853 ·
125 1808 231 1868 metro
256 1808 340 1868 Mars
368 1802 547 1886 respexerit
574 1800 627 1866 vel
654 1801 682 1865 si
710 1823 784 1866 cum
812 1823 849 1866 eo
877 1802 912 1866 in
939 1803 1012 1886 ipso
1041 1805 1136 1891 signo

122 1891 238 1976 fuerit,
270 1891 369 1956 faciet
394 1892 535 1955 latentes
565 1889 709 1973 corporis
737 1890 864 1955 dolores
895 1890 946 1955 vel
973 1891 1136 1975 pthisicos

124 1981 345 2064 dysentericos
376 1983 422 2062 et,
450 1979 478 2043 si
506 1979 552 2043 sic
580 2000 635 2043 eos
658 1979 784 2062 positos
812 1979 934 2043 nullius
962 1980 1171 2048 benivolaeao

124 2071 239 2134 stellae
263 2069 402 2136 radiatio
425 2067 594 2153 mitigarit,
616 2066 714 2133 faciet
737 2089 807 2152 eos,
831 2068 886 2152 qui
908 2068 979 2132 nati
1001 2069 1137 2157 fuerint,

125 2158 261 2223 existis
287 2155 519 2223 valitudinibus
543 2157 696 2241 deperire.

73 2245 115 2308 14
213 2246 253 2310 ln
268 2246 407 2330 septimo
421 2246 493 2310 loco
510 2244 667 2309 Saturnus
682 2246 722 2309 ab
736 2245 917 2330 horoscopo
933 2247 1133 2315 constitutus

124 2334 157 2398 id
181 2339 231 2400 est
254 2334 290 2400 in
313 2356 430 2400 occasu
452 2333 629 2417 partiliter,
658 2334 685 2397 si
713 2334 892 2398 matutinus
916 2333 1028 2417 fuerit,
1060 2336 1137 2421 <in>

124 2421 240 2487 diurna
263 2423 388 2489 scilicet
412 2422 574 2506 genitura,
601 2423 705 2486 bonus
735 2425 797 2487 erit
824 2427 858 2487 et
880 2422 1057 2491 maximam
1080 2426 1169 2492 de-cs

125 2512 229 2576 cernit
248 2510 474 2592 substantiam,
497 2510 552 2574 sed
575 2513 652 2575 tunc
676 2533 749 2575 cum
766 2510 890 2576 fuerint
907 2512 1008 2576 limen
1027 2536 1136 2581 senec·

124 2600 207 2663 tutis
230 2599 385 2684 ingressi3
412 2599 587 2662 maximam
615 2599 701 2663 enim
728 2600 775 2664 sio
800 2601 927 2684 positus
957 2604 1135 2669 senectutis

124 2687 265 2774 largitur
283 2692 424 2753 aetatem
442 2692 474 2752 et
488 2688 696 2771 pecuniarum
715 2690 882 2753 custodem
900 2688 1134 2774 faciet31aten·

125 2776 208 2841 tium
227 2799 302 2843 vero
321 2798 494 2862 corporum
512 2776 638 2842 dolores
662 2776 784 2859 indicit,
806 2778 886 2842 facit
905 2777 991 2842 enim
1010 2801 1136 2846 aemor-

215 2939 231 2987 3
255 2933 512 3002 quatulumcunque
534 2939 562 2986 M
588 2933 777 3002 (-lamcunque
805 2932 879 3002 Sitti)
913 2935 918 3004 Ι
950 2933 1059 2989 homini
1087 2954 1138 3008 pa·

126 3007 223 3058 ternae
241 3023 269 3074 a,
293 3005 327 3058 de
347 3003 422 3058 omni
438 3008 520 3074 parte
539 3004 691 3058 Mommsen
724 3005 728 3074 Ι
761 3002 907 3058 felicitatis
930 3021 991 3072 om,
1013 3008 1061 3061 ced
1079 3016 1138 3064 octo

125 3077 181 3142 fere
195 3077 245 3130 litt.
261 3077 350 3130 abrae.
364 3081 387 3128 B
437 3080 469 3128 11
490 3080 632 3129 omneml’
682 3080 715 3128 12
735 3074 925 3129 constuiturl’
974 3081 1007 3130 13
1026 3093 1093 3132 eum
1106 3081 1138 3153 v]

127 3163 190 3200 oum
263 3152 294 3201 17
314 3145 496 3214 constitutus,
515 3162 583 3200 corr.
602 3144 632 3197 A'
667 3147 671 3218 l
705 3145 890 3215 quadrata!
922 3149 926 3218 Ι
960 3147 995 3201 de
1017 3165 1068 3204 cm.
1087 3155 1139 3204 PB

129 3224 162 3272 19
181 3217 296 3271 latentis
319 3223 367 3270 ΡΒ
401 3219 405 3288 Ι
437 3215 624 3286 pthysicosl’
713 3216 1010 3272 20dissinte1ioos1
1035 3219 1139 3290 desyn-

126 3291 236 3356 terycos
259 3294 279 3340 P
307 3286 490 3358 disyntericos
513 3293 536 3340 B
559 3286 755 3343 dissentericos
776 3294 799 3340 V
870 3294 903 3343 21
927 3288 1087 3345 radiatione
1111 3299 1139 3346 Ι

127 3364 161 3412 22
179 3358 262 3413 histis
280 3364 307 3410 11
396 3365 430 3412 23
449 3357 485 3412 ab
504 3357 547 3430 A']
567 3375 629 3412 cum
718 3366 753 3413 24
776 3359 811 3431 si]
835 3376 867 3413 sa
889 3366 910 3413 Ρ
936 3377 1012 3416 evan.
1031 3363 1065 3417 ia
1086 3367 1111 3416 B

127 3430 191 3484 add.
210 3448 227 3481 a
308 3435 342 3484 25
365 3433 394 3484 ct
416 3429 459 3501 A']
486 3428 510 3483 si
591 3436 624 3483 26
642 3430 728 3485 fuerit
746 3435 793 3483 PR
872 3437 906 3486 28
923 3430 1046 3487 latentes
1064 3453 1082 3488 a
1100 3451 1138 3491 c.

127 3499 256 3556 addenda
324 3507 360 3557 29
379 3500 545 3556 emorroicos
564 3502 644 3573 (idem
664 3507 724 3571 101,
740 3503 763 3570 c)
