2416 3840
151 161 213 225 160
585 160 723 216 ruamur

149 307 247 371 luerit
265 307 424 391 inventus,
445 307 543 372 faciet
562 307 710 372 cordatos
730 326 844 391 graves
865 305 1034 390 crypticos‚
1059 307 1160 371 ratio

148 394 243 459 nibus
273 400 330 459 aut
357 398 476 460 mensis
505 400 562 460 aut
589 394 713 460 horreis
746 396 803 457 aut
830 393 996 478 apothecis
1026 399 1086 460 aut
1114 396 1160 460 in·

150 485 339 548 strumentis
364 490 420 549 aut
442 485 720 570 negotiationibus
743 483 956 567 praepositos,
979 484 1158 567 exquibus

150 573 374 638 occasionibus
404 574 494 638 luera
521 574 587 637 illis
615 595 733 657 magna
756 570 974 636 conferuntur.
1021 570 1058 636 Si
1082 596 1158 639 vero

150 661 196 725 sie
224 662 350 744 positus
380 663 639 727 coniunctionem
663 661 774 724 Lunae
801 660 960 724 venientis
984 662 1159 748 exceperit,
1180 687 1190 741 s

149 749 246 813 faciet
278 751 401 815 scribas
434 755 490 815 aut
521 751 663 815 iudicum
696 749 795 832 (aut)
829 748 1063 814 auctoritatum
1103 755 1159 815 aut

150 842 280 902 senatus
305 843 362 903 aut
386 841 440 923 qui
465 862 537 903 oum
560 839 810 922 imperatoribus
830 838 1002 902 constituti
1022 839 1158 905 docendi

148 927 291 990 habeant
314 926 454 1011 aliquam
477 931 687 1012 potestatem,
715 931 772 991 aut
800 928 855 1010 qui
883 929 975 991 actus
1000 928 1157 1012 principie

150 1015 201 1078 sui
232 1016 403 1080 iubeantur
435 1017 704 1099 dispositionibus
737 1014 804 1079 suis
839 1016 1034 1100 gubernare,
1069 1039 1158 1101 prae

151 1103 263 1166 sertim
288 1105 316 1167 si
340 1105 386 1169 sic
411 1105 569 1170 Mercurio
594 1104 773 1169 constituto
793 1103 883 1168 Luna
907 1109 964 1168 aut
988 1127 1188 1188 quaecum-rc

150 1213 212 1275 que
236 1193 300 1255 alia
324 1194 419 1257 stella
441 1193 480 1258 X,
504 1194 672 1279 geniturae
695 1194 802 1257 locum
826 1192 1001 1276 possideat.

99 1287 141 1351 14
239 1280 279 1345 In
310 1283 449 1366 septimo
482 1283 553 1347 loco
584 1281 763 1346 Mercurius
796 1282 846 1346 ab·
869 1281 1053 1365 horoscopo
1086 1305 1158 1348 eon·

151 1368 295 1451 stitutus,
320 1370 405 1434 idest
428 1371 462 1435 in
486 1393 614 1453 occasu,
637 1372 672 1435 in
695 1371 808 1434 diurna
832 1370 983 1456 genitura
1008 1369 1037 1435 si
1060 1370 1157 1437 fuerit

150 1457 313 1541 inventur,
344 1459 443 1524 faciet
475 1482 543 1543 eos,
576 1459 632 1543 qui
666 1460 712 1524 sic
744 1458 940 1524 Mercurium
972 1459 1156 1545 habuerint,

150 1547 303 1629 gravibus
323 1548 411 1612 vitiis
430 1548 589 1632 implicari
613 1553 646 1613 et
664 1548 856 1614 miserarum
874 1548 1049 1612 libidinum
1073 1550 1187 1634 cupi-u

150 1635 308 1700 ditatibus
332 1641 492 1722 aestuare3
522 1641 616 1702 erunt
644 1643 753 1702 autem
776 1638 874 1700 nimis
902 1641 959 1700 aut
980 1660 1157 1720 puerorum

151 1728 313 1789 amatores
346 1730 403 1789 aut
434 1727 611 1811 virginum,
648 1727 703 1790 sed
739 1724 774 1789 hi
806 1725 957 1790 mulieres
990 1730 1155 1811 stupratas

152 1813 335 1877 sortiuntur
353 1836 478 1897 uxores,
496 1815 682 1898 frequenter
700 1815 872 1879 infamium
887 1813 1032 1878 virorum
1048 1838 1156 1880 curam

150 1901 387 1986 tuitionemque
420 1903 608 1987 suscipiunt.
657 1902 718 1968 Sed
752 1908 785 1968 et
811 1902 873 1967 hoc
900 1924 959 1987 pro
988 1904 1157 1988 signorum

152 1990 308 2073 qualitate
337 1992 531 2077 decernitur3
558 2016 635 2057 nam
663 1993 691 2056 si
720 1992 753 2056 in
780 1991 842 2056 hoc
870 1992 942 2056 loco
970 1992 1005 2056 in
1030 1991 1099 2075 his,
1125 1994 1189 2058 inre

151 2079 268 2162 quibus
292 2103 358 2146 non
378 2081 507 2167 gaudet,
531 2081 633 2166 signis
651 2081 796 2165 (fuerit)
813 2081 972 2164 inventus,
994 2079 1083 2147 idest
1102 2081 1156 2166 [si]

150 2168 184 2230 in
208 2169 302 2233 domo
326 2169 442 2234 Martis
471 2171 522 2235 vel
550 2171 581 2234 in
612 2170 707 2235 domo
733 2168 864 2233 Saturni
890 2169 941 2233 vel
969 2168 1004 2233 in
1032 2170 1157 2255 ceteris,

150 2255 185 2319 in
209 2258 326 2340 quibus
349 2258 553 2342 humiliatur,
580 2260 678 2324 faciet
700 2259 924 2323 meretricibus
950 2259 1156 2343 praepositos

151 2347 183 2406 et
210 2346 342 2411 lenones
374 2352 407 2410 et
435 2348 490 2430 qui
517 2348 613 2411 istius
642 2347 793 2411 infamiae
822 2346 1029 2431 squaloribus
1059 2348 1159 2413 sordi-

151 2431 275 2497 dentur.
323 2434 357 2498 Si
390 2457 465 2500 vero
498 2436 532 2500 in
564 2435 721 2501 diametro
754 2434 842 2500 Mars
873 2435 974 2499 fuerit
1005 2435 1190 2502 inventusu

150 2520 201 2584 vel
225 2521 259 2585 in
275 2521 346 2588 Mo.
370 2525 420 2588 vel
444 2525 478 2587 in
502 2546 627 2609 occasu,
649 2525 734 2589 idest
756 2524 791 2589 in
814 2525 953 2607 septimo
976 2524 1062 2611 loco,
1085 2547 1158 2591 eum

149 2608 310 2675 Mercurio
349 2613 559 2696 constitutus,
596 2613 693 2678 faciet
726 2613 816 2696 parvi
852 2614 1010 2698 temporis
1047 2613 1159 2695 vitam,

99 2703 140 2768 15
150 2698 229 2762 facit
252 2700 387 2765 thisicos
411 2701 568 2786 fugitivos
592 2702 700 2766 exules
725 2703 904 2766 damnatos.
942 2699 979 2766 Si
996 2723 1076 2767 vero
1100 2724 1157 2787 per

149 2791 278 2852 noctem
301 2790 336 2853 in
355 2791 493 2873 septimo
514 2791 586 2856 loco
610 2792 778 2876 geniturae
802 2791 886 2855 idest
910 2789 967 2874 [si]
986 2791 1022 2855 in
1041 2813 1158 2857 occasu

148 2875 247 2942 fuerit
269 2879 428 2964 inventus
451 2879 549 2944 faciet
572 2879 744 2944 mulierum
765 2880 904 2944 divitum
926 2884 1190 2963 procuratoresa

238 3096 303 3143 3ex
317 3089 360 3162 A‘]
375 3093 403 3143 et
457 3089 622 3143 biudicium
636 3096 716 3143 MPR
731 3092 735 3160 Ι
752 3093 801 3144 aut
815 3090 878 3144 add.
891 3088 955 3144 Sirtt
1010 3089 1161 3145 'Idicendl

150 3159 179 3212 A'
205 3161 239 3227 cf.
259 3162 382 3216 Macctb.
406 3161 516 3216 11255
538 3162 583 3215 VI
598 3166 652 3217 353
742 3161 942 3229 9subeantur‚
966 3176 1035 3215 corr.
1055 3182 1072 3216 κ
1095 3163 1159 3229 fort.

150 3231 207 3284 suis
235 3231 253 3285 i.
275 3233 301 3286 d.
326 3232 407 3305 [suis]
431 3250 457 3300 g.
549 3239 582 3286 10
601 3232 769 3301 quicumque
791 3237 871 3285 HPB
961 3236 993 3284 11
1013 3231 1162 3302 possident

150 3302 221 3369 (-det
234 3307 275 3372 v),
294 3321 361 3360 corr.
377 3324 394 3358 κ
467 3309 500 3357 13
520 3303 653 3358 diuturna
671 3307 718 3372 ΠΙ
738 3303 761 3356 si
779 3301 830 3375 Vb]
849 3301 890 3356 sic
908 3301 943 3373 (si
962 3301 1003 3357 sio
1021 3308 1044 3363 Q
1061 3304 1161 3375 redd)

151 3373 333 3428 17hii1³av
400 3381 432 3429 21
453 3375 619 3442 add.Vlsi
638 3376 724 3429 dete
791 3372 955 3428 22oetisv
1017 3375 1162 3430 249οιᾱί-

150 3443 251 3497 dentur
269 3447 300 3517 Q]
319 3447 465 3500 sordentur
545 3452 579 3500 26
598 3446 643 3500 uel
662 3446 724 3501 imo.
743 3451 794 3498 RV
867 3450 899 3498 27
919 3443 993 3517 uita,
1011 3462 1082 3502 corr.
1103 3446 1160 3507 Μ’

150 3520 184 3568 28
203 3515 289 3569 faciet
306 3523 333 3569 Μ
348 3519 352 3588 l
368 3517 473 3586 tysicos
545 3522 578 3571 29
598 3519 648 3572 del.
668 3516 697 3569 A'
