2416 3840
100 182 164 246 172
536 178 675 233 emmor

99 328 208 392 futura
240 327 470 410 praenoscant,
501 328 558 388 aut
590 324 690 389 sacris
723 324 956 389 certaminibus
987 324 1113 391 facient

99 415 313 500 praepositos
368 413 458 479 Haeo
489 413 645 495 <eadem>
676 412 711 476 in
743 412 799 477 IX.
830 413 904 478 loco
941 415 982 478 ab
1016 413 1112 479 horo

100 526 198 589 scopo
228 503 376 587 Iuppiter
408 507 441 567 et
473 501 652 567 Mercurius
685 501 862 566 decernunt
890 502 1016 586 pariter
1040 525 1112 569 oon·

102 593 221 658 stituti.

69 686 91 747 4
189 682 228 745 In
264 684 380 765 quarto
416 681 490 745 loco
527 681 568 744 ab
604 679 787 762 horoscopo
819 677 1001 743 Mercurius
1035 680 1145 765 <et>s

99 770 247 855 Iuppiter
283 769 407 854 pariter
444 768 617 834 constituti
657 768 881 833 exinventores
923 768 1043 833 calculi
1080 773 1113 833 et

101 859 216 944 organi
233 857 354 923 facient
373 861 430 922 aut
449 861 615 922 curatores
635 861 692 921 aut
710 860 836 921 tutores
858 855 1035 943 minorum,
1058 858 1114 923 sed

101 949 157 1033 qui
180 947 353 1012 mulierum
377 968 487 1011 curam
508 946 744 1029 tuitionemque
763 945 956 1030 suscipiant3
979 946 1114 1031 quidam

100 1058 176 1100 vero
201 1035 359 1120 quaedam
386 1057 464 1099 casu
491 1035 674 1117 inveniunt,
702 1033 757 1099 alii
780 1034 955 1099 latentium
982 1035 1114 1101 thesau-

101 1147 212 1189 rorum
241 1124 310 1188 vias
339 1129 476 1208 norunt,
507 1124 671 1207 equibus
702 1123 844 1188 maxima
873 1123 939 1187 illis
969 1122 1114 1204 felicitas
1124 1149 1146 1189 1⁰

70 1217 366 1386 beompiiaiqiinto
389 1300 463 1366 loco
487 1301 527 1364 ab
550 1300 734 1385 horoscopo
757 1299 905 1384 luppiter
928 1303 962 1365 et
984 1299 1113 1369 Merou-

102 1392 170 1456 rius
192 1389 357 1474 partiliter
383 1389 555 1454 constituti
583 1394 616 1454 et
643 1411 701 1473 per
728 1389 814 1454 diem
842 1393 875 1454 et
898 1411 956 1473 per
983 1394 1113 1457 noctem

102 1480 213 1544 eadem
228 1479 328 1544 simili
347 1478 473 1543 ratione
492 1480 683 1562 decernunt;
701 1479 810 1562 plures
830 1477 916 1544 enim
929 1482 1113 1562 potestates

102 1574 135 1633 et
144 1569 300 1632 nobilitas
314 1590 470 1651 processu
482 1568 640 1651 temporis
655 1567 879 1651 conferuntur3
897 1572 993 1632 erunt
1004 1571 1114 1634 autem
1123 1591 1145 1632 ra

102 1659 135 1721 in
159 1657 310 1721 omnibus
334 1657 460 1721 actibus
484 1656 647 1721 faciliores
671 1661 703 1721 et
728 1656 793 1740 qui,
816 1656 902 1740 quod
920 1657 1049 1742 volunt,
1071 1657 1113 1722 fa·

103 1746 164 1812 cilc
203 1750 449 1829 consequantur.
488 1743 597 1811 ‘Haec
634 1745 746 1810 eadem
781 1746 817 1809 in
852 1744 909 1809 XI.
942 1746 1113 1830 geniturae

101 1835 175 1900 loco
198 1834 321 1917 pariter
345 1833 515 1899 constituti
539 1834 721 1898 decernunt

72 1923 92 1986 6
191 1922 231 1987 In
250 1927 342 1988 sexto
361 1924 433 1988 loco
453 1923 494 1987 ab
513 1923 697 2007 horoscopo
715 1921 896 1987 Mercurius
914 1926 948 1987 et
966 1922 1114 2008 Iuppiter

102 2013 268 2096 partiliter
298 2010 471 2077 constituti
498 2033 556 2095 per
581 2016 713 2077 noctem
743 2016 777 2076 et
803 2032 861 2094 per
888 2011 974 2077 diem
1003 2013 1145 2077 eadema

103 2102 203 2165 simili
225 2101 352 2166 ratione
376 2101 566 2186 decernunt,
594 2101 622 2165 si
645 2101 680 2165 in
702 2101 866 2165 matutino
892 2104 968 2165 ortu
990 2102 1115 2167 fuerint

102 2190 240 2274 inventi;
268 2189 390 2254 facient
413 2188 499 2254 enim
522 2189 556 2252 in
581 2189 731 2254 omnibus
753 2188 896 2274 negotiis
919 2188 1046 2273 faciles,
1068 2212 1115 2255 ra-

102 2278 241 2342 tionales
266 2284 323 2342 aut
346 2278 453 2344 causis
476 2277 639 2362 aliquibus
663 2279 714 2342 vel
737 2277 969 2343 certaminibus
994 2279 1115 2345 discus·

103 2366 250 2450 sionique
275 2371 331 2430 aut
358 2368 540 2431 rationibus
567 2371 625 2431 aut
651 2367 930 2452 negotiationibus
958 2371 1017 2433 aut
1047 2367 1116 2453 qui·

102 2454 240 2518 busdam
263 2454 475 2539 religionibus
503 2455 721 2539 praepositos,
749 2460 787 2519 ut
810 2478 850 2520 ex
876 2456 1011 2521 deorum
1034 2457 1150 2523 redi-as

102 2542 192 2607 tibus
220 2543 393 2607 facultates
422 2544 564 2608 habeant
591 2545 763 2629 maximas,
789 2544 983 2628 praesertim
1012 2545 1041 2611 si
1070 2545 1116 2610 sio

103 2631 156 2696 bis
189 2631 357 2696 collocatis
389 2631 424 2695 in
456 2631 579 2697 decimo
612 2634 653 2697 ab
685 2633 867 2717 horoscopo
899 2633 973 2699 loeo
1005 2633 1117 2719 aliqua

74 2721 200 2785 lstella
227 2720 327 2784 fuerit
350 2721 538 2786 constituta.
584 2719 647 2786 Sed
675 2722 703 2786 si
726 2721 818 2786 Luna
841 2722 889 2787 sic
910 2721 1051 2807 feratur,
1078 2728 1117 2789 ut

102 2809 155 2874 his
184 2831 218 2873 se
246 2831 305 2873 sua
332 2809 513 2874 radiatione
542 2810 719 2896 coniungat
744 2811 780 2875 in
802 2809 842 2877 Χ
865 2812 906 2875 ab
929 2809 1117 2896 horoscopo

102 2898 177 2964 loco
197 2899 385 2981 constituta,
409 2902 504 2963 erunt
523 2899 639 2964 divites
662 2899 842 2983 affluentes,
865 2900 1046 2966 multarum
1063 2923 1152 2986 pe-so

104 2989 272 3053 curiarum
296 2992 353 3052 aut
375 2987 472 3052 multi
495 2987 566 3052 auri
590 2988 712 3052 domini
736 2993 769 3053 et
792 2987 849 3072 qui
870 2990 1117 3072 possessionum

193 3181 324 3234 ‘lodda
385 3180 579 3249 3decernant,
599 3179 711 3235 corr]
763 3182 827 3233 5et
845 3179 979 3235 udd.A'V
1035 3187 1119 3237 tex·

103 3250 262 3305 inventores
280 3252 310 3322 a]
329 3267 363 3305 ex
380 3251 498 3305 inuento
515 3257 569 3304 HV
588 3268 622 3304 ex
640 3251 758 3305 inuenta
775 3257 824 3305 PB
841 3255 870 3321 (a
887 3269 921 3306 cac
938 3254 967 3321 u)
983 3253 988 3323 Ι
1006 3252 1119 3309 cauculi

102 3327 182 3375 1122
236 3321 427 3392 9inueniant‚
441 3339 509 3377 corr.
524 3341 541 3375 a
596 3328 628 3376 15
648 3323 815 3391 conferatur,
834 3339 902 3377 corr.
917 3321 947 3374 A'
1005 3323 1120 3381 refab-

103 3392 192 3447 ciores
211 3392 240 3445 A'
314 3401 347 3447 21
368 3393 504 3465 ratiolone
521 3399 549 3446 Ι
621 3393 969 3464 24negatiationibus1²⁸
984 3394 1117 3465 negotia-

102 3462 282 3533 tionibusque
300 3469 327 3516 Ι
400 3471 433 3518 25
453 3464 568 3518 deorum
586 3466 613 3537 c]
637 3482 732 3519 eorum
803 3469 837 3519 29
856 3463 966 3519 ratione
983 3470 1005 3519 1·
1025 3468 1032 3537 Ι
1050 3482 1118 3521 eon·

103 3532 230 3603 iungant,
250 3552 316 3588 corr.
332 3534 361 3587 A‘
380 3536 384 3606 1
400 3536 516 3590 horosco
534 3542 556 3588 R
