2416 3840
122 133 165 198 88
564 131 702 186 uncuflcr

123 300 198 344 cum
217 277 326 362 aliquo
344 276 473 342 fabulas
493 277 648 360 conferas,
667 277 723 341 sed
741 277 861 362 palam,
878 278 964 342 sicut
982 278 1130 361 superius

124 365 365 450 comprehendi,
398 367 458 431 sub
492 371 669 450 conspectu
700 366 846 430 omnium
877 364 972 430 istius
1005 366 1131 431 divinae

72 456 205 523 llartis
238 476 330 519 exere
359 454 571 537 disciplinam.
615 452 763 519 Nolo-te
792 455 871 520 vitia
897 454 1067 519 hominum
1097 455 1132 519 in

125 548 268 608 tractatu
291 543 515 629 geniturarum
531 543 742 607 *manifestius
768 544 942 627 explicare,
966 544 1032 629 sed,
1055 565 1133 628 quo·

126 634 347 716 tienscumque
371 633 411 696 ad
432 630 519 696 hunc
542 631 650 697 locum
663 632 805 716 veneris,
829 654 1020 717 responsum
1038 635 1132 697 tuum
1146 642 1173 696 's

127 743 201 786 cum
223 722 362 806 quadarn
385 721 514 784 ruboris
538 719 754 803 trepidatione
778 721 945 805 suspende,
967 743 1022 805 ne,
1046 721 1133 806 quod

127 810 251 874 homini
279 810 384 873 malus
408 807 577 873 stellarum
608 809 756 874 decrerit
773 831 900 893 cursus,
926 831 993 874 non
1020 811 1135 894 dicere,

75 899 186 974 12sed
208 898 403 982 exprobrare
421 896 568 961 ridearis.
606 895 742 963 Seceme
760 901 793 961 te
815 898 856 962 ab
876 899 1136 983 spectaculorum

131 1009 260 1070 semper
280 985 458 1071 illecebris,
484 1008 525 1050 ne
553 985 625 1070 quis
653 991 686 1050 te
714 986 874 1051 fautorem
903 987 1039 1052 alicuius
1063 1009 1136 1053 esse

131 1077 236 1161 partis
264 1075 443 1159 existimet3
469 1074 607 1139 antistes
635 1075 722 1139 enim
749 1074 882 1140 deorum
906 1080 1075 1160 separatus
1104 1080 1138 1141 et
1151 1100 1176 1140 ιο

130 1164 254 1229 alienus
286 1184 356 1227 esse
393 1163 489 1227 debet
526 1185 545 1226 a
576 1163 685 1247 pravis
722 1163 884 1228 illecebris
919 1165 1136 1249 voluptatum.

76 1254 119 1320 13
129 1252 212 1320 Cum
236 1252 379 1316 animum
401 1255 495 1316 tuum
518 1251 569 1316 his
594 1253 793 1316 ornamentis
820 1275 857 1317 ac
879 1252 1050 1339 praesidiis
1074 1254 1137 1319 rir-

128 1342 211 1407 tutis
228 1340 422 1423 ornaveris,
460 1340 634 1426 adgredere
666 1341 728 1406 hoc
761 1363 842 1425 opus
875 1345 908 1406 et
938 1343 1137 1426 posteriores

128 1432 246 1515 libros,
279 1451 360 1514 quos
392 1429 431 1494 de
464 1430 753 1514 apotelesmatibus
788 1430 990 1514 scripsimus,
1025 1453 1139 1497 secura

129 1520 247 1585 mentis
271 1517 479 1583 animositate
502 1541 702 1602 persequere.
749 1518 872 1595 Quodsi
900 1521 940 1583 ab
969 1519 1020 1583 his
1044 1521 1138 1586 insti-
1151 1542 1176 1583 rs

129 1609 222 1690 tutis,
255 1629 337 1691 quae
369 1607 407 1671 de
435 1607 579 1671 moribus
612 1607 766 1691 diximuS,
799 1608 942 1672 animum
970 1612 1065 1673 tuum
1098 1632 1138 1674 ex

130 1698 239 1782 aliqua
262 1701 354 1780 parte
378 1696 598 1782 transtuleris,
625 1697 711 1781 vide,
733 1718 774 1760 ne
797 1701 1025 1781 praeposterae
1050 1700 1138 1783 cupi·

131 1786 244 1851 ditatis
272 1784 429 1850 instinctu
458 1789 514 1849 aut
541 1785 700 1870 sacrilego
728 1786 924 1850 temeritatis
952 1787 1067 1852 ardore
1098 1789 1138 1852 ad

80 1876 122 1939 14
130 1875 227 1940 huius
246 1873 435 1957 disciplinae
455 1879 580 1939 secreta
597 1874 717 1939 venias.
748 1873 818 1940 Nec
832 1875 1016 1939 errantibus
1037 1877 1138 1941 animi

133 1963 365 2049 cupiditatibus
389 1963 558 2047 religionis
580 1961 675 2027 istius
700 1984 818 2028 areana
844 1964 1046 2051 committas3
1070 1986 1176 2031 nonio

133 2055 220 2118 enim
239 2056 368 2136 oportet
386 2052 529 2135 perditas
548 2056 673 2115 mentes
690 2050 857 2116 hominum
878 2051 995 2117 divinis
1013 2053 1139 2119 initiari

134 2141 344 2219 caerimoniis.
383 2139 445 2206 Sed
463 2161 522 2204 nec
542 2145 698 2223 occupato
722 2141 831 2205 animo
851 2145 884 2206 et
901 2141 1029 2225 perdita
1052 2143 1140 2228 cupi-

134 2230 237 2294 ditate
260 2230 385 2312 polluto
405 2229 572 2293 inhaerere
596 2228 769 2312 aliquando
791 2230 914 2313 poterit
930 2230 1027 2294 istius
1047 2254 1140 2296 vene-

134 2318 252 2382 randae
272 2317 425 2381 scientiae
443 2316 622 2401 disciplina,
642 2323 674 2381 et
691 2319 816 2401 patitur
834 2340 960 2402 semper
979 2319 1140 2386 iacturam
1177 2326 1181 2335 '

135 2407 322 2487 maximam,
355 2427 427 2469 cum
461 2426 532 2468 eam
563 2404 703 2488 inproba
735 2407 954 2490 professorum
986 2408 1140 2474 voluntas
1154 2429 1177 2470 rs

77 2493 331 2570 ,15immaoulat
368 2493 483 2575 ltaque
502 2515 601 2576 purus
621 2498 730 2558 castus
750 2500 830 2579 esto,
850 2501 885 2569 ¹et
904 2496 932 2560 si
951 2501 983 2560 te
1008 2499 1049 2562 ab
1074 2520 1141 2563 om-

129 2583 230 2654 nibus
252 2581 384 2646 nefariis
408 2579 535 2646 actibus
559 2583 727 2669 separasti,
750 2585 806 2667 qui
830 2585 973 2648 animum
995 2607 1142 2669 pessum·

135 2674 211 2738 dare
235 2672 444 2754 consuerunt,
458 2674 504 2734 et
532 2670 560 2734 si
587 2675 620 2735 te
648 2675 772 2736 rectum
800 2673 927 2743 vivendi
954 2678 1068 2739 votum
1099 2677 1141 2740 ab

136 2761 225 2826 omni
248 2760 405 2825 scelerum
428 2760 580 2824 liberavit
602 2760 724 2824 invidia
746 2765 780 2825 et
803 2761 831 2825 si
854 2766 887 2825 te
903 2768 1082 2848 purgatum
1105 2768 1139 2829 et

136 2870 313 2915 memorem
335 2847 436 2913 divini
460 2849 592 2913 seminis
612 2849 707 2933 geris,
731 2850 904 2934 adgredere
922 2851 985 2916 hoc
1005 2873 1086 2936 opus
1110 2857 1181 2918 eta

135 2939 333 3023 posteriores
360 2938 421 3003 hos
448 2936 549 3003 libros
577 2938 751 3002 memoriae
780 2940 884 3023 trade,
914 2945 952 3004 ut
978 2940 1144 3026 integram

136 3028 198 3093 tibi
227 3027 397 3092 scientiam
425 3026 577 3092 divinitas
605 3027 713 3090 tradat
746 3031 779 3091 et
809 3028 849 3092 ad
877 3029 1021 3093 animum
1050 3034 1144 3095 tuum

136 3119 260 3183 latente
283 3136 442 3201 praesaga
464 3116 636 3180 maiestate
660 3117 804 3199 accedat,
832 3121 869 3181 ut
896 3139 1006 3183 veram
1030 3118 1146 3184 divini·

85 3314 87 3318 *
227 3272 387 3327 lconferas
406 3289 455 3326 om.
470 3277 498 3323 Η
547 3271 705 3325 2huiuu1
759 3277 890 3327 loursus
909 3273 1018 3334 decre
1063 3282 1148 3330 θοι·

136 3343 355 3413 probrabrarel’
373 3343 526 3412 exprobare
539 3348 562 3394 v
613 3348 644 3396 11
665 3359 682 3396 a
700 3360 749 3397 om.
760 3348 862 3403 ΝΠ
912 3351 945 3399 16
965 3344 1148 3414 aliquaer

139 3421 172 3468 19
190 3414 290 3468 huisR
306 3420 311 3484 1
325 3413 472 3484 peruenias
486 3418 514 3466 Ι
563 3418 597 3466 20
615 3414 739 3468 archana
752 3419 857 3474 MPQV
908 3422 940 3470 27
960 3415 1010 3485 qui
1028 3418 1057 3488 a]
1072 3435 1148 3487 quae

139 3491 172 3538 28
187 3485 302 3538 uiuendi
316 3487 348 3557 Q]
362 3484 479 3539 uidendi
523 3489 556 3538 31
571 3484 732 3554 posterioris
744 3491 767 3537 V
813 3491 846 3539 33
860 3485 983 3541 latenter
992 3488 1149 3545 Mommsen
