2416 3840
492 177 531 232 III
546 184 570 250 5,
585 193 653 236 r—r.
1016 181 1079 246 129

70 323 124 389 vel
143 345 216 388 cum
235 345 360 388 summo
380 323 534 388 dedecore
553 346 573 388 a
591 346 650 389 sua
667 327 829 408 potestate
848 324 974 410 deponi.
1016 325 1080 392 sed

70 417 105 478 et
134 412 162 476 si
186 411 241 477 Sol
270 412 303 477 in
331 415 423 495 parte
450 412 624 497 horoscopi
652 412 750 478 fuerit
776 411 940 495 inventus,
969 415 997 480 si
1025 413 1079 479 Sa-

70 506 187 566 turnus
219 500 382 584 partiliter
416 499 477 586 [in]
511 498 581 565 Mu.
615 499 810 587 possederit,
847 501 945 567 simili
982 504 1078 569 modo

70 611 166 674 reges
204 590 300 654 duces
337 593 369 654 et
400 589 646 674 potentissimos
680 589 958 656 administratores
991 592 1078 658 facit.

41 678 107 745 ssi
136 678 182 743 sic
212 676 286 743 Sola
314 677 422 762 posito
452 700 490 743 ac
519 677 659 745 Saturno
687 677 775 743 Mars
803 679 837 743 in
864 681 1004 745 secundo
1037 681 1109 747 ab6

16 809 20 816 ·
71 768 255 850 horoscopo
278 766 330 833 vel
352 765 387 845 in
407 771 521 832 octavo
539 767 612 832 loco
635 767 734 832 fuerit
754 767 913 851 inventus,
936 773 969 833 et
987 766 1079 834 Luna

71 856 168 939 plena
191 855 368 920 luminibus
391 855 426 919 in
449 854 521 920 aliis
545 856 729 922 cardinibus
753 855 851 921 fuerit
874 856 1006 922 inventa
1028 858 1079 923 vel

72 947 107 1008 in
123 944 266 1016 secundo
287 945 327 1008 ab
342 943 524 1029 horoscopo
538 945 611 1010 loco
630 945 681 1010 vel
698 944 733 1009 in
747 948 861 1010 octavo
877 967 950 1010 curn
963 947 1078 1031 Marte,

74 1055 140 1116 eos,
164 1032 219 1116 qui
241 1033 312 1097 nati
334 1031 468 1118 fuerint,
492 1033 587 1098 duces
613 1034 662 1099 vel
685 1055 777 1119 reges
801 1035 853 1099 vel
876 1035 1077 1100 administra
1167 1109 1169 1113 ,

32 1126 163 1187 ratores
182 1121 392 1186 biothanatos
410 1120 491 1187 facit
514 1126 547 1186 et
566 1123 674 1187 exules
698 1127 731 1187 et
751 1122 904 1207 captivos.
947 1123 1077 1190 sivero

74 1208 132 1276 Sol
151 1210 239 1275 solus
258 1210 292 1274 in
310 1215 404 1294 parte
422 1210 595 1296 horoscopi
613 1211 712 1276 fuerit
731 1211 889 1296 inventus,
907 1212 942 1277 in
961 1212 1078 1298 quibus

73 1298 214 1363 diximus
237 1298 340 1384 signis
365 1296 441 1384 (hoc
464 1300 550 1363 enim
572 1303 605 1363 te
629 1299 813 1365 meminisse
833 1301 1023 1386 conveniet),
1046 1306 1079 1367 et

72 1386 163 1452 Mars
182 1387 216 1451 in
231 1386 365 1452 anafora
378 1386 488 1453 Lunae
507 1388 606 1452 fuerit
625 1389 785 1472 inventus,
803 1385 895 1453 Luna
914 1390 948 1454 in
962 1390 1077 1455 ceteris

74 1475 260 1541 cardinibus
288 1475 338 1540 vel
365 1476 400 1540 in
427 1476 568 1541 anaforis
598 1476 763 1541 cardinum
791 1477 982 1562 constituta,
1014 1500 1079 1560 eos,

32 1590 60 1631 15
76 1563 133 1648 qui
155 1564 225 1630 nati
248 1564 381 1646 fuerint,
409 1586 502 1651 reges
530 1565 581 1630 vel
605 1566 700 1631 duces
725 1566 775 1631 vel
799 1566 1078 1632 administratores

75 1652 176 1718 simili
198 1654 295 1718 modo
318 1653 527 1718 biothanatos
551 1653 630 1719 facit
657 1654 708 1717 vel
736 1655 825 1739 cogit
848 1676 903 1719 eos
930 1655 995 1721 isto
1022 1657 1078 1721 ho-

72 1763 151 1807 nore
178 1741 308 1826 privari.
356 1741 391 1807 si
418 1764 493 1807 vero
517 1740 573 1807 Sol
600 1743 634 1807 in
660 1747 752 1827 parte
778 1743 951 1827 horoscopi
978 1744 1106 1811 fueriti

72 1832 223 1896 inventus
247 1834 280 1896 et
301 1828 394 1895 Luna
421 1831 455 1895 in
479 1831 594 1896 ceteris
619 1831 801 1896 cardinibus
830 1833 998 1918 geniturae
1027 1834 1077 1898 vol

74 1922 109 1983 in
133 1919 274 1984 anaforis
303 1920 353 1985 vel
382 1921 413 1983 in
439 1919 592 1985 cataforis
617 1921 783 1985 cardinum
805 1920 925 2003 <fuerit
947 1921 1079 1987 inventa

32 2032 60 2074 ao
76 2011 109 2071 et
132 2006 220 2074 Mars
245 2031 279 2073 se
301 2009 392 2073 nulla
414 2008 479 2072 illis
503 2009 682 2074 radiatione
702 2009 912 2092 coniunxerit,
935 2011 979 2074 sit
1002 2033 1077 2075 vero

72 2095 161 2160 lovis
194 2097 288 2162 stella
321 2101 378 2162 aut
406 2119 478 2162 oum
508 2096 582 2163 Sole
609 2097 644 2162 in
675 2102 767 2182 parte
799 2097 972 2182 horoscopi
1005 2107 1078 2165 conss

75 2185 195 2249 stituta
222 2185 336 2251 autin
359 2187 475 2251 ceteris
499 2185 684 2251 cardinibus
708 2186 838 2251 inventa
865 2187 916 2252 val
943 2188 977 2251 in
1005 2210 1078 2253 ana-

74 2272 154 2337 foris
182 2274 233 2339 vel
260 2274 295 2339 in
323 2274 476 2340 cataforis
504 2274 683 2360 cardinum,
710 2276 748 2361 ii,
776 2275 830 2360 qui
856 2275 925 2340 nati
947 2275 1078 2361 fuerint,

75 2382 168 2447 reges
188 2362 289 2428 totius
310 2365 398 2428 orbis
418 2364 635 2450 gubernacula
654 2365 874 2449 possidebunt,
899 2368 1079 2431 evertentes

32 2474 59 2515 25
76 2451 156 2515 alias
180 2452 339 2537 civitates,
362 2453 442 2517 alias
467 2453 682 2519 sublevantes.
724 2453 758 2517 Si
781 2475 857 2518 vero
881 2454 928 2519 sic
950 2455 1078 2539 positus

75 2539 162 2604 Mars
179 2539 287 2606 Solem
301 2540 426 2606 Lunam
441 2541 615 2626 lovemque
634 2542 812 2627 respexerit
831 2546 887 2607 aut
906 2565 979 2608 curn
998 2544 1077 2628 ipsis

75 2630 201 2712 positus
226 2629 334 2694 autin
353 2630 536 2695 cardinibus
555 2631 704 2696 inventus
729 2631 836 2696 autin
856 2632 997 2696 anaforis
1022 2637 1078 2697 aut

75 2723 109 2781 in
124 2718 277 2782 cataforis
297 2718 484 2803 cardinum>
499 2718 706 2803 constitutus,
725 2720 826 2784 malas
842 2724 962 2784 mortes
981 2719 1078 2785 faciet

73 2806 139 2889 his,
168 2806 285 2889 quibus
313 2805 465 2891 diximus,
493 2808 550 2872 sed
578 2812 611 2873 et
638 2808 718 2872 vitia
745 2812 778 2872 et
806 2808 999 2873 valitudines
1028 2809 1078 2873 de·

30 2918 60 2959 ao
75 2892 191 2979 cernit,
215 2895 271 2959 scd
290 2895 464 2960 secundum
483 2901 634 2961 naturam
658 2896 825 2982 signorum
849 2901 882 2960 et
904 2896 1078 2962 secundum

73 2982 133 3047 has
158 2983 301 3067 corporis
325 2988 444 3069 partes,
467 3007 546 3069 quas
570 2986 709 3050 diximus
734 2985 836 3071 signis
860 3006 929 3049 esse
949 2985 1078 3068 divisas,

73 3071 267 3136 valitudines
300 3076 333 3137 et
364 3073 445 3137 vitia
477 3074 691 3138 decernuntur
723 3077 756 3138 et
789 3095 880 3138 casus
915 3073 1077 3138 mortium.

163 3246 296 3302 ldecore
314 3253 368 3300 111
449 3246 522 3372 asi&
540 3265 578 3302 osta
596 3251 640 3304 ct?
724 3247 872 3317 tpariten
891 3263 958 3302 corr.
977 3267 995 3301 κ
1019 3248 1023 3317 Ι
1048 3246 1078 3302 in

73 3316 166 3372 medio
190 3317 250 3390 celo
268 3324 316 3372 PB
339 3319 441 3389 (possis
458 3319 500 3371 ΙΜ

75 3393 108 3442 19
123 3388 168 3442 uel
182 3388 352 3443 innaforisll
368 3391 372 3461 Ι
389 3388 549 3444 cardinibus
559 3395 582 3441 V
627 3396 730 3445 19-28
740 3391 827 3459 suppl.
838 3388 868 3442 A'
915 3395 949 3442 20
964 3388 1002 3443 sit
1015 3389 1043 3461 a]
1054 3389 1080 3444 si

74 3464 108 3512 23
127 3459 174 3513 uel
192 3459 352 3530 cataphoris
369 3478 388 3515 v
403 3462 407 3532 1
423 3460 454 3514 hi
467 3466 491 3513 Δ
544 3465 577 3515 16
595 3461 688 3517 Iovem
705 3461 867 3531 Lunamque
886 3466 910 3513 Δ
963 3466 997 3516 28
1016 3468 1081 3518 onte

77 3529 249 3585 constitutus
268 3531 288 3584 d
304 3536 329 3584 B
399 3538 432 3586 31
453 3548 509 3602 qua
526 3536 549 3583 V
567 3532 602 3600 of.
622 3536 667 3601 72,
682 3545 707 3585 at

126 3629 252 3684 Fumone,
266 3630 300 3674 od
313 3629 398 3672 Kroll
410 3634 434 3673 st
447 3631 578 3675 Skutsch.
600 3632 619 3674 1.
903 3628 918 3679 9

525 3320 541 3388 .)
613 3325 646 3373 10
665 3318 769 3373 exulles
787 3325 811 3371 B
884 3324 915 3372 12
935 3321 963 3372 te
986 3334 1036 3372 om.
1055 3324 1078 3371 V
