2416 3840
384 157 423 211 IV
437 162 479 226 22,
494 173 589 212 11-16.
928 155 993 221 269

48 326 109 390 rae,
130 326 210 388 quae
229 325 359 386 vacuae,
380 302 703 368 hoe-demonstratur
722 302 877 387 exemplo.
912 300 994 367 Sunt

48 414 96 458 em
118 397 228 478 partes
251 392 365 476 plenae
389 390 477 473 XIX,
499 412 619 455 vacuae
642 389 716 455 XII.

48 497 56 562 I
147 499 237 563 locus
362 500 472 582 partes
646 495 676 560 V
785 495 942 562 Seuiahut

48 586 56 650 I
146 586 237 651 loeus
362 588 471 669 partes
630 582 678 649 VI
785 607 904 651 vacuus

48 674 56 738 I
146 675 237 741 loeus
361 678 471 759 partes
596 670 677 738 VIII
785 671 934 758 Sepieent

48 763 55 783 ”
146 763 236 828 loeus
361 766 471 845 partes
627 760 677 826 III
783 783 903 827 vacuus

48 850 56 870 '
146 851 236 916 loeus
361 854 471 934 partes
629 847 677 914 VI
785 848 885 915 Senta

48 939 56 1003 I
146 939 236 1006 loeus
361 942 470 1022 partes
626 936 677 1002 III
782 959 910 1004 vacuus.

75 1062 168 1128 VIII.
194 1062 429 1148 Scorpionis.
465 1061 504 1126 In
520 1060 705 1146 Scorpionis
721 1062 815 1148 signo
831 1085 912 1149 quae
928 1064 995 1128 sint
1008 1063 1048 1129 15

47 1157 96 1218 tes
110 1152 234 1237 plenae,
249 1175 330 1236 quae
345 1173 473 1231 vacuae,
486 1150 549 1216 hoa
564 1151 824 1218 demonstramus
839 1153 996 1237 exemplo,

56 1245 71 1306 t
95 1244 204 1306 autem
227 1245 336 1325 partes
355 1241 469 1325 plenae
488 1238 620 1324 <XV1>,
642 1262 761 1306 vacuae
779 1245 889 1326 partes
907 1240 996 1307 XIV.

48 1265 56 1306 ι

48 1347 54 1410 I
144 1347 235 1413 loeus
360 1350 470 1430 partes
627 1345 677 1409 III
784 1369 904 1420 vacuus

48 1434 56 1498 l
144 1436 235 1500 loeus
361 1438 470 1519 partes
645 1433 677 1498 V
787 1432 942 1500 Sentacer

48 1523 56 1588 I
145 1525 236 1588 loeus
361 1527 471 1608 partes
630 1521 677 1586 VI
784 1545 904 1588 vacuus

48 1611 55 1631 ”
145 1612 236 1677 loeus
361 1615 471 1697 partes
628 1610 676 1675 VI
783 1612 921 1696 Tepiaen

48 1700 55 1713 ’
145 1701 236 1766 loeus
361 1704 471 1785 partes
644 1698 676 1762 ΙΙ
783 1722 902 1765 vacuus

48 1788 56 1852 I
146 1790 236 1854 locus
362 1792 471 1873 partes
644 1787 676 1852 V
786 1786 941 1854 Sentineu

48 1876 57 1940 [
146 1878 236 1944 loeus
362 1884 471 1961 partes
628 1876 678 1942 III
784 1899 914 1944 vacuus.

75 2002 132 2067 IX.
158 2000 379 2088 Sagittarii.
428 2002 467 2068 In
496 2001 666 2089 Sagittarii
697 2000 791 2085 signo
820 2023 901 2085 qnae
930 2002 996 2067 sint
1008 2003 1048 2068 16

50 2094 99 2156 tes
117 2091 240 2175 plenae,
260 2112 341 2174 quae
360 2113 488 2176 vacuae,
507 2093 569 2156 hoe
584 2092 825 2155 demonstratur
839 2092 995 2175 exemplo.

48 2183 74 2243 rt
97 2182 205 2244 autem
228 2179 341 2264 plenae
364 2185 474 2264 partes
499 2178 621 2262 XXIII,
645 2199 765 2243 vacuae
790 2176 863 2242 VII.

48 2285 57 2348 l
145 2286 236 2351 loeus
362 2291 472 2370 partes
634 2283 681 2348 IX
783 2283 937 2370 Eregbuo

48 2374 57 2437 l
145 2375 236 2440 loeus
363 2379 472 2459 partes
629 2372 680 2437 III
784 2394 903 2440 vaauua

48 2463 56 2527 I
146 2465 236 2527 locus
362 2467 472 2547 partes
616 2460 682 2526 VII
786 2460 895 2549 Sagon

48 2550 56 2576 I
146 2552 237 2617 loeus
363 2556 473 2635 partes
633 2548 680 2615 IV
784 2563 904 2618 vacuus

48 2640 56 2663 '
146 2641 237 2705 loeus
363 2644 472 2726 partes
509 2660 510 2663 ’
616 2638 682 2705 VH
786 2639 944 2707 Ohenene.

74 2802 89 2849 2
108 2798 215 2852 warneri
233 2797 355 2865 corrupti
377 2798 484 2866 quidem
506 2798 552 2852 aed
575 2806 749 2868 conpatientes
834 2803 849 2849 3
869 2796 997 2851 seuichut

48 2869 66 2920 rt
84 2883 172 2936 apoye
191 2866 227 2935 (a'
243 2870 267 2922 Φ
282 2871 360 2936 <hoyo
374 2871 405 2934 B)
423 2873 471 2920 AB
490 2867 619 2922 aeniehut
636 2885 708 2938 yoye
722 2876 770 2922 DE
839 2874 854 2920 5
874 2867 997 2948 sepirent

48 2940 65 2991 rt
84 2937 218 2992 atabenus
228 2943 278 2990 AB
298 2937 436 3006 sepisaent
450 2941 593 2993 ateremua
608 2943 651 3008 (rn
664 2957 697 2994 ea
710 2939 740 2992 ln
749 2947 779 3008 Β,
795 2938 953 2992 aterelzmis
963 2941 995 3008 E)

113 3014 127 3061 7
143 3011 223 3063 senta
241 3008 315 3063 idest
330 3008 455 3079 atepIten
468 3011 543 3081 (nen
557 3012 587 3081 B)
602 3015 649 3062 ΑΒ
679 3008 891 3078 sentaatapieen
903 3015 951 3062 ΒΕ

49 3081 112 3135 add.
136 3085 236 3133 mr.
327 3085 359 3133 13
382 3080 457 3134 idest
480 3084 577 3135 acente
600 3081 663 3135 add.
683 3085 730 3132 AB
764 3083 860 3134 arente
877 3086 925 3133 M.

48 3150 122 3204 idest
145 3150 280 3205 asentatir
304 3149 367 3220 (eir
384 3154 416 3220 B)
440 3152 503 3205 add.
523 3157 570 3204 AB
603 3150 775 3220 tepisaenta
802 3153 930 3205 sentaaer
948 3157 996 3204 DE

48 3220 176 3276 sentinen
199 3221 274 3276 idest
297 3221 420 3275 atereeni
443 3224 526 3291 (eem
544 3226 575 3292 B)
589 3227 637 3275 AB
669 3238 768 3277 sennar
792 3222 895 3277 atelem
912 3229 960 3275 DE

48 3311 149 3347 naeuus
168 3294 220 3348 dea.
236 3299 279 3346 PB
365 3298 397 3346 19
417 3296 518 3347 sunta
608 3298 642 3346 20
660 3296 754 3363 partes
774 3310 824 3348 om.
840 3298 912 3346 ΔΜ
928 3293 932 3364 Ι
950 3293 997 3346 de-

48 3368 176 3419 istramua
191 3370 239 3417 DE
303 3369 335 3416 21
351 3363 439 3433 igitur
456 3367 550 3434 partes
569 3364 731 3435 plenaeBE
791 3371 824 3418 22
843 3363 996 3418 vmana

48 3436 79 3505 gb
99 3453 134 3489 uo
149 3440 196 3559 Al?
216 3434 375 3504 (herirat-ua
393 3438 508 3507 aepppt.)
563 3440 597 3488 26
615 3434 666 3489 VH
680 3437 735 3509 Bc]
754 3435 828 3491 VIA
846 3435 910 3490 VIII
924 3441 972 3489 BE
991 3435 995 3509 Ι

48 3514 137 3561 neme
157 3523 170 3560 e
193 3522 264 3560 enen
275 3512 323 3559 BE
