2408 3840
146 149 209 203 VIII

235 300 325 359 Haud
348 318 415 358 raro
440 299 620 358 contulimus
643 301 724 359 locos
744 303 910 359 ceterorum
934 302 1161 380 astrologorum

144 388 319 466 Ptolemaei,
342 387 439 446 Vettii
458 388 594 447 Valentis
613 388 719 448 inediti
739 389 824 447 cuius
844 390 1018 467 apographo
1042 391 1161 450 utimur

145 476 310 554 Riessiano‚
333 477 564 552 Hephaestionis
587 477 722 536 Thebani
740 469 808 557 (qui
828 497 843 536 e
862 478 1007 537 Dorothei
1027 481 1161 539 carmine
1199 522 1200 535 ,

145 565 227 623 haud
259 584 357 641 pauca
389 558 546 646 servavit),
583 566 674 624 Pauli
700 566 907 644 Alexandrini,
944 567 1071 626 Maximi
1103 561 1160 649 (ed.

145 647 304 734 Ludwich)
321 654 462 730 aliorum3
483 674 536 713 nec
555 674 614 714 non
629 655 769 713 Salmasii
788 655 823 715 do
843 655 928 714 annis
948 656 1159 716 climactericis

146 741 222 803 libro
247 739 306 823 (ed.
333 735 432 823 1648)
455 744 503 801 usi
526 762 637 804 sumus.

236 831 474 892 Consentaneum
498 835 543 891 est
565 851 612 892 res
632 833 796 892 amicorum
816 850 984 892 communes
1005 853 1083 912 esse3
1109 835 1159 893 sed

145 923 247 980 tamen
278 921 569 980 commemorandum
601 924 646 980 ost
677 922 757 979 hunc
784 921 961 980 fasciculum
991 941 1011 981 a
1041 923 1157 983 Krollio

146 1009 187 1068 sic
211 1012 423 1086 praeparatum
446 1027 517 1087 esse,
541 1012 577 1068 ut
599 1009 731 1085 imprimi
753 1012 862 1085 posset.

236 1098 408 1157 Gratiarum
428 1099 611 1176 agendarum
630 1099 814 1159 occasionem
833 1098 977 1158 habemus
995 1099 1079 1158 haud
1098 1101 1157 1160 exi-

145 1205 246 1263 guam.
281 1187 325 1245 Ac
348 1186 478 1261 primum
497 1187 617 1263 quidem
635 1187 853 1246 Franciscus
873 1188 1073 1247 Buecheler
1097 1191 1157 1265 epi-

146 1275 266 1334 stolicas
291 1275 436 1350 quasdam
458 1279 576 1334 nostras
604 1276 794 1351 quaestiones
817 1278 881 1334 tam
903 1275 1041 1336 benivole
1066 1297 1158 1354 quam

144 1364 264 1442 egregie
288 1364 385 1423 solvit.
436 1364 646 1424 Theodorus
669 1365 862 1423 Mommsen
890 1367 991 1424 autem
1015 1367 1047 1424 et
1070 1365 1102 1428 O.
1126 1368 1157 1426 F.

145 1452 192 1512 W.
212 1453 365 1512 Mueller
392 1472 428 1511 ne
456 1452 699 1530 corrigendamm
726 1453 847 1528 quidem
873 1454 1068 1530 plagulamm
1095 1458 1158 1516 tae-

144 1540 229 1599 dium
253 1542 451 1600 detrectantes
474 1541 509 1600 de
532 1541 637 1600 multis
659 1541 749 1600 huius
768 1542 921 1616 scriptoris
940 1543 1013 1602 locis
1033 1543 1158 1622 insigni-

146 1631 192 1687 ter
214 1631 400 1706 meruerunt3
430 1648 558 1704 quorum
586 1629 666 1706 quod
689 1630 811 1690 nomina
837 1630 886 1689 hic
913 1630 976 1690 illic
999 1631 1158 1693 detrunca-

144 1717 243 1776 vimus
268 1713 342 1793 (Mc.
367 1720 398 1776 et
419 1711 516 1799 Moe.)
544 1719 700 1796 ignoscent
727 1737 889 1795 speramus.
938 1719 984 1779 De
1007 1721 1158 1796 capitibus

145 1805 223 1865 118.
245 1808 262 1865 9
284 1826 302 1864 a
327 1806 411 1866 nobis
436 1806 639 1884 interrogatus
663 1807 813 1867 Carolus
836 1808 1012 1867 Manilius
1036 1828 1158 1886 respon-

146 1894 199 1954 dit.
250 1895 285 1954 In
318 1895 468 1954 codicibus
498 1896 682 1955 conferendis
715 1897 768 1972 qui
800 1917 884 1956 suam
916 1897 1002 1956 nobis
1035 1918 1159 1974 operam

146 1985 362 2063 praestiterint,
396 1988 485 2044 antea
514 1985 629 2044 dictum
658 1987 717 2062 est;
750 1985 958 2064 adiungendus
988 1989 1088 2045 tamen
1119 1989 1158 2048 iis

146 2091 214 2131 cum
239 2074 338 2133 debita
366 2074 469 2152 gratia
487 2093 547 2133 non
569 2073 841 2133 Maximilianus
868 2075 1007 2134 Bonnet
1033 2077 1157 2134 tantum

146 2179 236 2236 quem
267 2183 326 2222 non
360 2164 449 2222 semel
480 2182 534 2238 per
564 2162 681 2221 litteras
713 2162 841 2221 adiimus
874 2165 905 2222 et
934 2162 1153 2224 Gottholdus

147 2247 398 2308 Gundermann
431 2251 484 2326 qui
506 2250 540 2309 de
573 2250 723 2310 codicibus
754 2252 934 2327 quibusdam
964 2250 1067 2312 exteris
1097 2271 1153 2311 nos

143 2337 285 2396 certiores
312 2339 396 2416 fecit,
428 2357 532 2397 verum
559 2339 650 2397 etiam
676 2340 821 2415 praefecti
847 2340 1095 2400 bibliothecarum
1124 2344 1156 2400 et

145 2425 235 2484 huius
259 2425 341 2485 urbis
365 2430 396 2486 ot
419 2429 595 2488 exterarum.

234 2549 492 2611 Vratislaviae.
848 2546 902 2612 W.
921 2545 967 2613 K.
1012 2546 1053 2613 F.
1075 2543 1111 2613 S.
