2416 3840
97 170 159 235 128
503 216 509 229 .
527 169 665 234 FIRMIOI

97 316 282 382 consulares
305 315 403 380 faciet
421 316 496 398 <et>
514 315 760 399 proconsulares
784 320 826 379 et
842 314 897 378 dat
921 313 1106 379 ordinarios

98 404 292 470 consulatus.
340 403 375 470 si
402 427 478 469 vero
506 402 595 467 Mars
624 403 671 468 sic
695 402 804 468 Solem
831 403 989 487 positum,
1019 403 1108 468 sicut

99 493 253 578 diximus,
276 493 436 577 aspexerit
459 493 510 557 vel
534 493 562 557 si
586 515 659 557 cum
682 514 720 556 eo
744 492 870 577 positus
893 491 1006 575 fuerit,
1031 514 1108 557 cum

99 582 240 645 maxima
266 582 387 646 invidia
414 586 447 646 et
475 604 548 646 cum
575 581 702 665 magnis
730 581 882 664 periculis
911 586 943 645 et
970 581 1109 664 impedi-

99 672 225 755 mentis,
249 671 376 756 magnis
400 671 519 755 pugnis
543 674 599 735 aut
618 669 866 735 difficultatibus
887 669 1024 734 ducatus
1048 669 1108 734 im·
1134 696 1145 737 a

70 759 189 843 3peria
214 755 458 844 potestatesque
486 758 636 824 decernit.
682 756 718 823 Si
745 780 821 824 vero
846 757 921 823 Sole
948 759 984 822 in
1011 757 1109 823 horo

101 869 197 931 scopo
228 871 285 932 per
318 848 403 911 diem
434 848 469 911 in
500 847 566 932 his,
597 848 632 912 in
664 848 782 931 quibus
815 847 969 932 diximus,
1002 846 1108 932 signis

100 937 263 1020 partiliter
283 937 462 1001 constituto
481 935 581 1000 alium
595 936 741 1020 Iuppiter
760 936 923 1001 cardinem
937 935 1108 1021 geniturae

15 1030 18 1037 '
101 1025 291 1109 possederit,
309 1024 397 1089 Mars
416 1046 493 1089 vero
511 1025 545 1088 in
559 1023 629 1090 Mo.
648 1024 747 1089 fuerit
765 1025 929 1108 partiliter
946 1023 1109 1109 inventus,

103 1113 137 1177 in
160 1114 339 1179 masculino
364 1113 489 1178 scilicet
512 1113 616 1199 signo,
638 1113 732 1178 Luna
755 1114 853 1178 etiam
876 1114 911 1177 in
929 1113 1040 1196 aliquo
1064 1114 1110 1178 sit
1123 1140 1147 1180 1ο

45 1218 48 1226 ·
103 1200 271 1286 geniturae
299 1201 427 1267 cardine
457 1204 552 1287 plena
580 1201 700 1267 lumine
728 1203 779 1267 vel
807 1203 842 1267 in
869 1199 1011 1266 analoris
1041 1224 1110 1267 car·

58 1340 62 1348 .
103 1291 229 1377 dinum,
258 1315 332 1356 eum
360 1292 415 1377 qui
441 1295 538 1356 natus
566 1291 677 1376 firerit,
707 1293 843 1376 †totum
871 1292 982 1356 orbem
1010 1290 1111 1356 faciet

104 1379 253 1463 imperia,
280 1385 317 1446 ut
344 1381 378 1445 in
401 1381 461 1445 tali
484 1381 657 1467 potestatis
682 1381 963 1445 administratione
991 1381 1111 1445 consti·

105 1467 171 1532 tuti
192 1473 337 1553 potestas
361 1471 443 1552 eius,
466 1470 544 1535 licet
566 1493 632 1535 non
655 1471 699 1534 sit
723 1468 872 1534 dominus
896 1492 932 1535 ac
955 1492 1027 1553 rex,
1053 1492 1112 1554 per

74 1558 207 1623 4totius
232 1560 319 1624 orbis
342 1563 453 1624 tamen
476 1559 583 1643 spatia
601 1560 768 1644 dirigatur.
811 1557 846 1623 Si
868 1581 944 1624 vero
964 1557 1055 1624 Mars
1077 1558 1148 1624 ina

105 1643 175 1710 Mo,
198 1647 297 1713 fuerit
320 1649 371 1713 vel
393 1649 428 1712 in
452 1670 578 1732 occasu,
601 1649 647 1712 sic
667 1647 740 1713 Sole
764 1651 797 1711 et
816 1647 901 1731 Iove,
918 1647 1009 1724 sicut
1033 1647 1112 1712 dixi·

106 1756 188 1820 mus,
207 1736 404 1820 constitutis,
422 1736 515 1801 Luna
533 1759 609 1802 vero
630 1759 703 1801 cum
718 1736 785 1821 [iu]
801 1736 906 1802 Marte
925 1736 976 1800 vel
991 1737 1026 1800 in
1040 1735 1111 1803 ΜΟ.

105 1822 204 1889 fuerit
231 1826 375 1908 inventa,
407 1827 503 1909 pleno
533 1825 657 1890 scilicet
684 1827 820 1908 lumine,
852 1827 903 1889 vel
932 1825 967 1888 in
995 1829 1111 1891 octauo

107 1913 274 1998 geniturae
302 1915 387 1998 loco,
420 1937 487 1996 eos,
521 1914 576 1999 qui
604 1915 650 1978 sic
677 1916 747 1978 nati
775 1915 896 1979 fuerint
929 1914 1026 1978 duces
1056 1919 1113 1980 aut

108 2023 199 2088 reges
220 2007 276 2067 aut
295 2003 584 2086 administratores,
604 2003 814 2068 biothanatos
833 2002 913 2068 facit
932 2003 1148 2088 autaliquem

108 2092 235 2157 ratione
259 2096 371 2175 captos
396 2092 597 2156 malefaciet
618 2097 723 2157 morte
742 2092 914 2175 prosterni,
937 2093 1114 2157 secundum

108 2184 259 2245 naturam
283 2181 406 2245 scilicet
429 2181 597 2265 signorum
615 2185 717 2265 atque
732 2182 958 2245 substantiam.
1000 2179 1115 2246 Faciet

109 2272 219 2333 autem
236 2270 398 2333 interdum
418 2269 601 2353 depositum
619 2271 660 2334 ab
679 2270 857 2335 honoribus
876 2270 944 2335 suis
964 2270 1005 2334 ab
1026 2269 1121 2339 omui.

79 2354 271 2441 bpotestate
295 2358 387 2421 deici.
434 2357 496 2422 Sed
520 2361 552 2422 et
576 2358 604 2422 si
623 2358 711 2423 Mars
731 2381 804 2424 cum
822 2359 914 2423 Luna
930 2380 999 2423 non
1015 2357 1116 2424 fuerit

111 2446 166 2527 sio,
190 2448 274 2511 sicut
293 2446 441 2524 diximus,
461 2447 590 2511 iunctus
610 2452 642 2512 et
662 2448 750 2512 solus
769 2448 804 2513 in
822 2446 1006 2513 cardinibus
1026 2448 1115 2533 geni·
1127 2471 1150 2513 a

89 2532 203 2599 ⁴turae
226 2534 325 2599 fuerit
347 2535 497 2600 inventus
525 2536 576 2600 vel
599 2537 633 2601 in
657 2537 810 2602 cataforis
838 2537 889 2601 vel
912 2535 948 2600 in
970 2537 1115 2603 anaforis

111 2645 236 2708 eorum,
265 2623 339 2688 Sole
367 2623 402 2687 in
428 2624 623 2710 horoscopo,
652 2626 737 2690 sicut
764 2629 839 2691 ante
863 2625 1015 2712 diximus,
1045 2648 1118 2692 con·

112 2713 244 2792 stituto,
271 2712 483 2778 nihilominus
512 2714 568 2799 qui
590 2715 660 2779 nati
682 2714 804 2779 fuerint
827 2714 922 2778 duces
947 2713 999 2778 vel
1022 2734 1118 2800 reges

111 2802 163 2868 vel
196 2800 476 2868 administratores
509 2803 655 2888 captivos
692 2804 743 2867 vel
775 2803 985 2868 biothanatos
1016 2801 1120 2869 faciet

202 2965 216 3012 1
237 2961 266 3012 et
288 2960 351 3014 odd.
375 2982 391 3014 κ
414 2977 471 3015 aaa
489 2962 589 3029 wobot
607 2961 760 3014 Mommsen
782 2960 813 3015 cl.
833 2959 997 3014 Stoatsreett
1014 2960 1055 3014 II
1064 2961 1123 3016 244

68 3078 72 3085 .
111 3034 176 3086 114
266 3030 567 3100 3fueritp0situs1’
614 3087 617 3091 ,
657 3036 672 3085 5
701 3033 730 3084 et
756 3029 866 3101 magnis
893 3028 923 3082 A‘
997 3031 1122 3085 6boro·

113 3119 195 3171 scopo
214 3109 234 3154 P
307 3109 338 3156 11
359 3102 508 3170 cardinem,
527 3119 594 3157 corr.
613 3100 643 3154 A‘
717 3108 749 3155 12
768 3104 871 3170 totam,
890 3117 957 3156 corr.
977 3103 1122 3171 alpensis

112 3173 204 3247 (per)
232 3175 252 3228 t.
277 3191 301 3227 o.
325 3173 343 3228 f.
370 3173 507 3243 imperare
534 3175 575 3227 cel
601 3172 719 3242 imperia
746 3171 936 3246 (extendere)
964 3174 999 3239 cf.
1024 3177 1123 3240 141,r

115 3250 148 3297 13
167 3244 419 3298 amministratione
438 3250 486 3297 PB
509 3243 780 3299 administrationem
797 3250 851 3297 HV
937 3248 1124 3298 14111111·

115 3322 148 3369 16
168 3315 192 3369 si
214 3321 269 3368 MV
341 3322 373 3369 17
392 3315 423 3369 in
445 3316 495 3370 del.
515 3314 544 3367 A'
570 3334 608 3369 aa
629 3316 674 3369 vel
696 3317 764 3371 ueta
837 3320 869 3368 21
892 3314 978 3383 male,
1003 3331 1072 3370 corr.
1091 3314 1122 3369 A'

115 3392 148 3439 25
168 3386 330 3441 coniunctus
349 3385 378 3439 A'
405 3389 409 3458 ι
435 3385 564 3440 cardibus
582 3393 630 3439 PB
702 3393 735 3440 27
754 3387 796 3441 sol
813 3388 881 3457 PBl
901 3386 1055 3457 horoscopo
1074 3393 1098 3441 B

116 3458 293 3526 constitutus,
318 3475 386 3512 corr.
406 3457 435 3510 A'
526 3463 559 3512 29
583 3464 690 3528 et129‚
709 3464 726 3511 4
750 3456 1000 3512 amministratorea
1018 3462 1098 3511 HV

116 3526 162 3580 uel
181 3545 230 3583 om.
249 3535 297 3580 Pa
313 3532 317 3600 Ι
333 3529 515 3583 biothanatos
533 3535 556 3582 v
