2416 3840
450 178 488 232 IV
501 195 622 246 prooem.
637 186 711 247 r-1‚
726 195 745 232 4.

588 413 613 476 l.

188 535 297 600 Lunae
321 559 381 600 nos
406 560 516 602 omnes
539 559 652 601 cursus
672 536 706 601 in
724 537 893 622 principiis
912 539 1007 603 huius
1027 538 1131 603 libril

99 625 314 708 explicaturos
339 648 408 689 esse
431 625 641 710 promisimus
666 631 698 690 et
723 626 799 709 quid
824 649 886 710 qua
909 628 1034 692 ratione
1053 628 1104 691 de-

100 718 224 798 cemat3
258 715 362 778 omnis
395 715 479 779 enim
514 714 696 778 substantia
726 715 859 779 humani
890 717 1033 799 eorporis
1065 717 1103 780 ad

72 802 195 868 aistius
219 803 361 886 pertinet
384 804 525 867 numinis
546 807 752 887 potestatem.
790 802 874 867 Nam
893 808 1104 888 posteaquam

99 890 279 974 perfectum
303 891 467 956 hominem
489 891 599 957 vitalis
623 914 701 956 aura
724 893 902 976 susceperit
926 897 959 957 et
978 897 1104 977 postea·

99 1001 196 1063 quam
230 1002 263 1044 se
297 981 425 1064 corpori
458 981 591 1065 spiritus
630 981 756 1045 divinae
789 981 907 1045 mentis
940 981 1105 1064 infuderit,

99 1069 273 1152 compositi
301 1070 445 1153 corporis
473 1070 611 1134 formam
639 1092 697 1153 pro
727 1069 883 1153 qualitate
913 1093 1025 1134 cursus
1055 1070 1105 1133 sui

99 1157 190 1221 luna
218 1161 393 1244 sustentat3
424 1159 506 1223 unde
535 1181 647 1223 cursus
676 1159 745 1222 eius
773 1159 924 1243 prudenti
952 1160 1104 1223 debemus

61 1274 85 1312 ιο
100 1246 310 1329 inquisitione
334 1247 495 1332 colligere,
518 1251 555 1311 ut
579 1251 684 1312 totam
707 1248 869 1331 possimus
889 1248 1105 1312 substantiam

99 1335 232 1399 hnmani
248 1335 393 1419 corporis
408 1336 576 1419 explicare.
615 1337 720 1400 Aliter
735 1337 818 1400 enim
833 1341 951 1401 natura
963 1336 1135 1401 hominis2

100 1428 248 1487 constare
271 1447 338 1488 non
361 1425 495 1507 poterit,
522 1424 586 1488 nisi
615 1446 731 1508 corpus
759 1425 827 1488 eius
856 1426 895 1488 ad
923 1425 1008 1488 vitae
1033 1425 1105 1489 sub-

101 1511 182 1574 sidia
204 1512 298 1575 firmo
322 1512 421 1576 fuerit
444 1513 605 1596 praesidio
624 1512 833 1597 fabricatum3
857 1517 890 1577 et
909 1517 1026 1596 errant,
1050 1514 1105 1596 qui

100 1604 217 1683 putant
241 1601 345 1664 solam
372 1601 457 1666 vitae
487 1606 519 1665 et
547 1601 682 1684 spiritns
705 1601 865 1665 rationem
892 1603 927 1665 in
954 1601 1105 1666 omnibns

61 1715 86 1755 15
101 1689 259 1773 genituris
284 1711 353 1753 esse
377 1690 590 1773 tractandam,
617 1690 702 1754 idest
726 1691 943 1774 horoscopum
967 1694 999 1754 et
1022 1688 1105 1774 Μῦς

101 1801 139 1840 ex
162 1778 214 1841 his
238 1777 324 1841 enim
347 1778 427 1842 locis
450 1779 536 1842 vitae
561 1779 745 1842 substantia
772 1783 804 1843 et
828 1779 962 1862 spiritus
986 1779 1106 1843 inveni-

101 1872 162 1930 tur.
201 1865 262 1930 Sed
285 1888 344 1930 nos
369 1889 441 1931 cum
464 1865 638 1950 horoscopi
661 1871 752 1951 parte
774 1872 899 1933 etcum
919 1868 986 1932 MC.
1008 1868 1106 1932 etiam

101 1954 211 2018 Lunae
235 1977 364 2019 cursum
389 1956 498 2040 sagaci
522 1978 558 2020 ac
578 1957 704 2019 sollerti
723 1957 933 2040 inquisitione
952 1957 1105 2021 debemus

101 2044 263 2126 partiliter
295 2043 447 2108 inuenire.
502 2043 694 2110 Fabrieator
731 2045 817 2109 enim
853 2044 993 2109 hominis
1028 2046 1135 2111 deus3

61 2155 175 2198 aocum
206 2132 325 2195 animal
352 2133 413 2196 hoc
443 2131 551 2197 divina
579 2156 615 2197 ac
640 2133 798 2218 singulari
822 2133 951 2198 artificii
980 2132 1105 2198 rationo

101 2225 317 2305 componeret,
341 2221 525 2286 inmortalis
550 2221 648 2286 animi
672 2222 874 2286 divinitatem
898 2223 1045 2287 mortalis
1069 2245 1106 2287 ac

101 2310 222 2373 terreni
245 2310 391 2394 corporis
414 2310 552 2375 vinculis
577 2310 743 2396 obligavit,
766 2315 803 2374 ut
822 2311 947 2375 animus
967 2311 1105 2394 <extrin-

101 2399 215 2482 secus>
246 2399 504 2482 intrinsecusque
537 2398 672 2464 diffusus
706 2405 739 2463 et
773 2421 909 2485 magnae
939 2400 1105 2465 cuiusdam

99 2487 305 2552 necessitatis
330 2487 495 2572 obligatus
518 2487 655 2572 imperio
679 2489 833 2554 caducam
853 2488 1023 2553 servientis
1042 2488 1106 2553 sibi

59 2576 245 2660 2500rp01’ls
268 2575 480 2661 fragilitatem
500 2575 626 2641 divinae
645 2578 819 2661 potestatis
839 2577 971 2642 licentia
993 2579 1106 2664 guber-

100 2670 201 2729 naret.
247 2664 321 2729 Non
349 2665 485 2730 habebit
512 2687 590 2750 ergo
618 2666 744 2730 animus
774 2666 938 2752 integrum
966 2669 1138 2750 recepta-4

100 2754 209 2817 culum
232 2776 290 2818 nec
314 2776 347 2818 se
371 2754 493 2837 poterit
515 2754 728 2819 circumfusus
753 2756 920 2820 adnectere
944 2777 1002 2819 nec
1026 2755 1104 2818 divi-

99 2844 213 2906 nitatis
247 2863 322 2907 suae
356 2842 515 2926 explicare
551 2843 782 2928 substantiam,
819 2843 883 2908 nisi
917 2865 1032 2926 corpus
1066 2843 1106 2906 ad

101 2932 340 3014 susceptionem
365 2931 464 2994 animi
487 2929 617 3015 integra
639 2936 672 2996 et
694 2930 882 3015 incorrupta
905 2932 1003 2996 fuerit
1023 2953 1107 2996 com·

60 3047 87 3085 ao
100 3020 219 3105 pagine
243 3020 441 3102 roboratum,
469 3024 505 3082 ut
529 3021 656 3083 animus
682 3024 714 3084 et
738 3043 854 3104 corpus
878 3021 949 3104 pari
971 3018 1106 3084 necessi·

100 3110 181 3172 tatis
205 3109 331 3172 ratione
355 3107 518 3172 coniuncti
542 3112 575 3171 et
594 3108 730 3173 invicem
750 3131 782 3173 se
801 3109 951 3193 propriae
970 3113 1104 3172 naturae

190 3324 205 3370 2
225 3317 314 3371 omnis
333 3321 374 3387 (δὲ
389 3321 430 3386 V),
450 3334 516 3371 corr.
533 3322 554 3376 Q
570 3318 573 3388 l
589 3317 672 3370 huius
688 3319 720 3388 Q]
741 3317 799 3371 eius
872 3325 887 3371 3
907 3319 982 3386 quod
1000 3323 1110 3371 WB*

100 3389 276 3442 thomicem
295 3406 344 3442 oric.
359 3395 386 3442 H
477 3394 508 3440 12
529 3388 565 3441 ad
583 3387 613 3441 A'
646 3406 679 3442 ac
769 3395 802 3443 14
820 3388 895 3442 vitae
919 3393 947 3444 et
965 3391 993 3461 a]
1017 3389 1106 3443 uitam

100 3467 134 3513 20
154 3459 262 3527 artifici,
281 3476 348 3514 corr.
365 3465 386 3519 Q
489 3465 522 3512 22
540 3477 628 3528 capp.
649 3461 797 3530 Ne'meth
820 3468 889 3529 spat.
906 3466 923 3516 5
942 3462 992 3516 lia.
1012 3463 1043 3516 ic
1056 3466 1106 3520 RQ

100 3537 133 3584 27
152 3547 204 3584 nec
223 3530 428 3584 divinitatis-
443 3537 476 3585 28
496 3530 684 3585 substantiam
702 3548 751 3585 oar.
766 3537 793 3584 Η
