2408 3840
526 181 552 234 11
568 189 592 249 7,
605 187 679 237 a—9.
1068 182 1110 246 51

105 329 214 390 autem
245 327 415 391 dicendum
449 331 512 410 est,
549 327 636 410 quod
673 327 822 391 omnibus
855 327 959 392 stellis
995 332 1112 391 noceat

104 415 253 479 vicinitas
274 413 368 479 Solis.
408 415 546 492 Quidam
569 437 645 479 vero
664 415 779 479 volunt
796 414 935 479 Martem
957 437 1112 499 prospere

105 503 229 584 cadere,
257 525 330 568 cum
354 501 441 568 Solis
464 504 564 568 radiis
590 503 689 568 fuerit
713 525 900 589 oppressus3
926 504 1110 569 naturalem

104 591 189 656 enim
213 592 372 655 malitiam
398 591 506 657 Solem
529 596 700 658 veneratus
724 593 857 657 amittit.
897 590 986 657 Scire
1010 592 1140 658 etiam3

77 679 183 745 sillud
205 703 265 745 nos
285 684 424 765 oportet,
447 703 520 746 curn
540 703 603 765 quo
626 682 740 745 stellae
759 681 938 745 matutinae
957 682 1109 767 gaudent,

103 790 176 833 cum
190 790 254 852 quo
269 769 485 853 vespertinae,
504 775 582 833 tunc
601 769 686 833 enim
701 773 927 854 proteguntur,
947 770 1108 853 quotiens·

103 879 238 941 cumque
263 862 423 941 oportuna
446 858 625 923 radiatione
650 858 891 941 praecesserint.
931 855 1013 922 Cum
1033 856 1109 923 Sole

103 950 228 1011 ceterae
251 947 365 1010 stellae
389 948 423 1011 in
446 947 608 1011 matutino
633 951 708 1011 ortu
730 947 929 1012 constitutae
953 946 1109 1032 gaudent3

101 1038 179 1100 tunc
188 1057 308 1099 numen
319 1033 404 1100 Solis
416 1036 539 1119 optima
550 1035 728 1100 radiatione
742 1034 935 1120 protegitur,
946 1035 1109 1118 quotiens-

62 1145 239 1207 iocumque
264 1124 432 1188 stellarum
461 1124 621 1188 matutino
650 1128 725 1189 ortu
748 1124 847 1188 fuerit
870 1128 1012 1189 ornatus.
1058 1123 1109 1187 In-

103 1211 248 1276 efficaces
265 1235 339 1277 vero
355 1213 468 1277 stellae
482 1213 575 1297 fiunt,
590 1214 739 1297 quotiens
756 1211 840 1277 Solis
857 1214 968 1277 orbem
983 1234 1109 1296 vesper-

102 1301 172 1365 tino
193 1306 267 1365 ortu
285 1301 405 1366 fuerint
424 1301 624 1366 subsecutae.
660 1302 699 1366 In
714 1300 823 1366 Lunae
840 1301 967 1386 positae
986 1301 1108 1365 lumine

102 1390 170 1453 eius
199 1391 348 1454 maximis
374 1390 610 1454 radiationibus
637 1393 867 1475 proteguntur,
896 1412 968 1453 cum
997 1390 1108 1453 orbem

102 1478 171 1541 eius
191 1478 300 1561 aliqua
318 1479 498 1543 radiatione
516 1479 760 1561 praecesserint.
797 1476 880 1553 Quid
899 1481 1009 1542 autern
1032 1478 1138 1545 stel-4

62 1565 207 1630 rolatum
225 1567 367 1630 mixtura
386 1568 420 1631 in
434 1567 592 1651 genituris
609 1567 784 1631 orientium
801 1571 960 1651 operetur,
980 1566 1106 1649 quando

102 1654 216 1718 stellae
239 1655 418 1719 matutinae
442 1654 633 1740 efficiantur,
656 1656 784 1739 quando
808 1655 1012 1738 vespertinae

103 1743 270 1807 ostendere
295 1743 395 1807 etiam
417 1743 578 1826 debemus,
602 1744 733 1826 quantis
757 1766 776 1808 a
800 1742 874 1808 Sole
898 1743 1013 1808 stellae
1036 1765 1108 1827 par·

102 1830 190 1894 tibus
213 1832 398 1895 recedentes
424 1832 600 1895 matutinae
625 1831 817 1897 efficiantur.

102 2041 157 2106 IX.
191 2041 353 2118 QUIBUS
378 2042 597 2109 PARTIBUS
626 2040 1107 2108 MATUTINAE'STELLAE

62 2178 87 2215 σο
310 2149 399 2214 VEL
424 2148 733 2214 VESPERTINAE
757 2147 900 2215 FIANT.

190 2291 438 2375 Explicabimus
462 2291 558 2373 enim,
581 2315 644 2376 qua
663 2291 790 2357 ratione
812 2291 1022 2376 vespertinae,
1044 2313 1108 2374 qua

104 2401 180 2443 vero
204 2380 382 2445 matutinae
406 2381 495 2445 fiant.
539 2378 670 2445 Saturni
693 2381 789 2446 stella
812 2402 884 2445 cum
908 2402 927 2443 a
950 2377 1023 2444 Sole
1046 2378 1106 2443 XV

193 2542 208 2588 1
228 2536 317 2590 omnis
336 2535 465 2590 vicinitas
484 2536 573 2590 stellis
591 2543 612 2590 B
684 2543 700 2589 2
719 2535 804 2590 Marti
821 2543 864 2590 Bt·
882 2535 968 2590 Marti
986 2538 1011 2589 θ
1031 2542 1053 2588 A
1071 2537 1107 2602 cf.

102 2606 150 2660 IV
162 2611 207 2673 17,
221 2621 241 2661 a.
257 2621 281 2658 11
353 2613 370 2661 4
394 2607 535 2661 submittit
555 2626 573 2660 v
595 2610 629 2675 cf.
645 2612 734 2676 P·13›
752 2623 775 2659 1⁵
861 2613 877 2660 ὁ
896 2607 1106 2677 gaudeant-Al)

103 2683 118 2730 6
137 2677 212 2732 enim
226 2680 255 2732 et
268 2684 338 2731 cnr
352 2696 390 2732 aa
404 2677 478 2732 enim
492 2678 601 2733 Solem?
617 2680 621 2750 Ι
637 2681 789 2748 protegunt
801 2687 823 2732 1>
837 2679 871 2746 cf.
881 2680 937 2731 III
946 2683 973 2744 4,
988 2690 1019 2731 17.
1037 2682 1063 2745 7,
1073 2691 1106 2734 ra.

102 2753 147 2816 13,
161 2764 187 2799 ιν
205 2757 251 2804 etc.
344 2755 358 2802 7
376 2748 563 2819 processerint
580 2755 643 2801 w
667 2765 671 2819 Ι
696 2752 802 2819 etpost
820 2749 883 2803 Sole
901 2750 965 2804 add.
984 2754 1079 2802 3.οΜ
1100 2749 1104 2820 Ι

101 2820 184 2874 Paul.
199 2821 244 2874 Al.
261 2820 313 2874 04
332 2819 347 2874 ὁ
363 2819 413 2888 μὲν
431 2818 507 2889 ἥλιος
520 2819 690 2889 ἐκληρώσατο
708 2820 760 2893 σὴν
773 2818 879 2890 ἡμέραν
897 2820 945 2874 καὶ
963 2819 1014 2888 τὴν
1033 2817 1107 2892 ἑῴαν

101 2889 240 2957 ἀνατολήν
260 2889 396 2960 ...ἡδὲ
420 2890 516 2960 σελήνη
540 2889 648 2961 λέλογχε
670 2890 723 2958 τήν
742 2911 771 2945 τε
794 2892 881 2946 νύκτα
904 2892 952 2945 καὶ
976 2888 1106 2958 {curetur

98 2960 239 3028 ἀνατολήν
338 2961 465 3015 91nmen
485 2980 503 3014 v
601 2968 632 3015 12
651 2961 784 3016 lumen!
878 2967 911 3014 13
929 2961 1106 3015 maximus!

100 3038 134 3086 14
152 3035 363 3102 praecesserunt
384 3041 407 3086 lt
430 3035 464 3099 cs.
485 3034 566 3087 Paul.
587 3034 618 3087 Ε
635 3039 651 3088 3
676 3033 690 3087 ὁ
714 3032 745 3087 δὲ
768 3033 852 3095 αὐτὸς
873 3031 976 3100 τρόπος
999 3034 1057 3102 (qui
1074 3033 1106 3085 in

98 3104 170 3173 Sole)
180 3104 227 3158 καὶ
242 3102 287 3157 ἐπὶ
301 3112 349 3173 τῆς
363 3103 476 3173 σελήνης
489 3105 705 3172 deserentesque
718 3105 766 3159 uui
776 3101 964 3173 ἐνεργέστερος
976 3100 1104 3158 νοείσθω.

100 3182 133 3229 lt
152 3174 300 3229 orientium
323 3195 339 3228 a
362 3176 394 3229 ct.
410 3180 457 3241 54,
471 3177 496 3246 ν]
520 3174 653 3228 sortiente
676 3181 720 3229 Bc
748 3175 885 3230 sentiente
903 3180 978 3227 ΔΜ·
1007 3176 1011 3244 Ι
1041 3189 1105 3243 ope-

98 3249 177 3300 ratur
204 3253 222 3299 (t
312 3251 345 3298 16
374 3245 531 3299 efficiuntur
552 3252 599 3298 nr
627 3245 782 3300 efficientur
804 3254 821 3300 0
855 3248 859 3316 t
893 3247 943 3300 tac.
967 3246 1063 3300 statuit
1087 3266 1104 3299 u

100 3323 132 3371 17
152 3316 266 3387 quantis
285 3334 334 3370 om.
354 3322 377 3368 Δ
392 3321 396 3386 Ι
413 3333 430 3370 a
449 3316 512 3371 Sole
530 3333 580 3371 om.
600 3317 752 3388 cistellae
770 3334 820 3371 cm.
839 3325 861 3370 1>
930 3321 962 3369 18
982 3315 1105 3370 efficiun-

98 3391 145 3442 tur
158 3392 206 3441 ΔΒ
261 3393 293 3440 19
308 3389 491 3442 incoronata
501 3389 579 3442 lucc
595 3389 599 3459 t
615 3388 649 3455 cf.
664 3389 739 3443 Ptin.
754 3391 793 3442 II
803 3394 840 3443 58
849 3406 885 3457 sq.
903 3387 984 3442 Paul.
995 3388 1026 3441 E
1036 3391 1056 3441 2
1066 3405 1103 3456 sq.

98 3464 131 3512 21
153 3475 168 3513 e
206 3458 353 3512 licauimus
372 3465 419 3511 M
436 3459 500 3526 fort.
513 3466 581 3514 recte
597 3461 601 3528 Ι
617 3458 703 3531 enim]
722 3478 759 3513 aa
778 3459 882 3514 etiam?
938 3464 971 3512 23
991 3457 1104 3512 Saturni

99 3536 125 3585 et
143 3546 160 3584 a
198 3530 242 3584 ole
260 3529 312 3584 XV
330 3547 380 3584 om.
400 3531 431 3583 iu
450 3531 499 3586 luc.
519 3537 536 3582 c
555 3529 690 3584 Saturnus
708 3536 729 3582 r
745 3533 750 3601 Ι
765 3531 828 3603 XV]
847 3529 1033 3586 duodecim!

906 3622 944 3674 4*
