2416 3840
124 151 167 216 80

565 149 702 206 FIRMIGI
784 196 787 201 .

124 318 186 381 que
203 296 314 379 itaque
331 318 407 381 pars
421 296 528 380 prima
546 296 720 362 antiseium
733 295 868 378 miserit,
887 295 928 360 ab
943 316 981 360 ea
995 293 1134 380 suscipit

123 385 196 469 ipsa
214 406 326 451 rursus
346 384 528 468 antiscium,
547 386 594 450 sic
613 384 762 468 secunda,
783 383 830 449 sic
849 387 983 448 ceterae.
1026 381 1135 448 Gemi·

124 495 241 537 norum
260 473 370 557 itaque
389 477 423 538 ei
441 471 557 538 Caneri
577 475 765 557 scripsimus
783 476 903 556 partes,
922 472 1007 556 quod
1027 494 1135 537 exem·

63 585 64 588 ¹
125 562 215 646 plum
239 562 338 626 etiam
361 562 396 626 in
418 563 533 628 cereris
552 563 722 647 signorum
739 562 889 646 partibus
913 561 1035 626 servari
1058 583 1133 627 con·

125 651 224 730 venit,
247 654 280 715 ei
303 673 415 716 eorum
439 652 562 716 scilieet
585 652 751 736 signorum
774 672 920 735 quaeque
938 649 1079 715 invicem
1101 649 1136 715 in
1162 673 1173 714 s

126 761 160 804 ce
184 738 321 804 dicimus
345 741 519 805 antiscium
542 741 681 805 mittere.

268 845 370 930 ⁸1...
389 845 551 911 xxvnn

270 934 554 1000 n....xxv111

255 1022 306 1088 ΠΙ
324 1075 329 1085 .
345 1075 351 1086 .
368 1075 396 1086 ..
422 1023 552 1088 xxvii

240 1111 307 1176 rm
324 1163 418 1176 .....
439 1112 552 1176 xxvi

273 1200 304 1265 v
322 1252 439 1265 ......
456 1200 552 1265 xxv

258 1289 307 1353 vr
325 1342 330 1352 .
347 1341 352 1352 .
369 1341 397 1352 ..
422 1289 552 1354 xxnu

240 1377 306 1443 vn
324 1430 419 1442 .....
440 1378 553 1442 xxm

227 1466 309 1532 VIII
326 1519 443 1530 ......
457 1466 552 1532 XXII
604 1488 605 1492 ¹

205 1555 304 1620 VIIII
324 1607 462 1619 .......
475 1555 554 1620 XXI

278 1644 308 1708 X
326 1695 465 1707 .......
490 1644 552 1708 XX

260 1732 306 1797 XI
326 1785 354 1796 ..
371 1785 398 1795 ..
421 1732 553 1797 XVIIII

241 1821 305 1886 XII
323 1873 417 1884 .....
440 1820 554 1886 XVIII

228 1910 308 1975 XIII
326 1963 442 1973 ......
456 1910 553 1975 XVII

208 1999 309 2064 XIIII
326 2051 464 2063 .......
473 1999 554 2065 XVI

810 844 873 909 XV
891 895 985 907 .....
994 844 1058 910 XV

792 932 873 998 XVI
890 984 895 996 .
912 985 918 995 .
935 985 940 995 .
959 933 1059 997 XIIII

779 1020 875 1086 XVII
892 1074 898 1085 .
915 1073 921 1084 .
937 1073 943 1084 .
959 1021 1060 1087 .XIlI

746 1643 874 1708 XXIIII

781 1731 873 1796 XXV

763 1820 874 1892 XXVI

744 1909 875 1982 XXVII
893 1960 987 1973 .....
1009 1909 1061 1974 III

730 1997 876 2062 XXVIII
893 2048 1010 2063 ......
1024 1998 1059 2063 Π
1151 2024 1175 2064 n

463 2087 626 2154 XXVIIII
642 2138 760 2151 ......
784 2087 802 2151 Ι

103 2193 186 2261 usic
213 2195 338 2260 Taurus
365 2195 400 2260 in
426 2195 582 2280 Leonem,
612 2195 659 2259 sic
687 2193 753 2259 Leo
781 2216 893 2258 rursus
919 2193 955 2258 in
981 2194 1140 2282 Taurum3

133 2283 179 2347 sic
203 2283 298 2348 Aries
321 2285 355 2347 in
379 2283 561 2370 Virginem,
588 2284 635 2348 sic
658 2281 763 2369 Virgo
786 2304 897 2347 rursus
920 2283 956 2346 in
977 2280 1139 2369 Arietem,

134 2372 180 2435 sic
202 2370 313 2437 Pisces
336 2373 370 2436 in
392 2371 536 2452 Libram,
559 2373 606 2437 sic
628 2371 730 2437 Libra
752 2393 863 2436 rursus
886 2370 921 2436 in
944 2370 1070 2458 Pisces3
1093 2374 1140 2438 sic

135 2458 288 2543 Scorpius
311 2460 346 2524 in
363 2459 553 2544 Aquarium,
577 2460 623 2525 sic
642 2461 806 2545 Aquarius
829 2459 864 2524 in
885 2458 1070 2544 Scorpium
1094 2462 1176 2528 sicis

135 2547 332 2635 Sagittarius
353 2550 388 2613 in
407 2546 648 2634 Oapricomum,
672 2549 718 2614 sic
738 2548 954 2634 Capricornus
973 2550 1087 2615 rursus
1106 2550 1141 2616 iu

103 2636 359 2724 9Sagittarium.
397 2636 432 2703 Si
457 2660 537 2722 quae
561 2660 595 2703 se
616 2637 727 2722 itaque
747 2638 860 2702 stellae
883 2639 918 2702 in
937 2638 1141 2706 ordiuationc

134 2727 302 2813 geniturae
325 2749 392 2792 non
415 2726 561 2812 viderint,
586 2726 802 2810 quaerendum
827 2731 891 2811 est,
921 2749 964 2792 an
992 2726 1056 2792 sibi
1085 2749 1143 2814 per

135 2815 308 2881 aniiseium
340 2817 465 2881 sociata
495 2817 675 2881 radiatione
706 2815 893 2901 iungantur.
939 2812 1023 2880 Cum
1055 2817 1143 2882 enim

62 2928 64 2933 ·
135 2904 308 2970 antiseium
331 2906 377 2970 sic
401 2906 558 2991 miserint,
582 2909 620 2969 ut
643 2904 805 2991 origenico
827 2927 862 2969 se
884 2926 942 2989 per
965 2904 1177 2971 aniisciuma

134 2995 185 3060 vel
204 2994 362 3079 quadrata
384 2996 435 3059 vel
454 2995 612 3059 diametra
630 2994 680 3058 vel
699 3015 845 3078 exagona
863 2993 1044 3059 radiatione
1068 3016 1144 3061 con·

135 3084 286 3170 iungant,
319 3083 365 3148 sie
392 3083 568 3148 decernunt
601 3083 693 3167 quasi
721 3083 767 3147 sic
796 3082 862 3146 sint
889 3082 1031 3166 simplici
1059 3085 1146 3149 ordi-

226 3230 241 3277 3
261 3221 394 3292 exemplis
408 3228 436 3274 Η
484 3229 501 3276 4
515 3222 602 3276 etiam
615 3221 646 3275 in
659 3221 759 3276 ceteris
768 3222 889 3293 qcmioat
901 3227 924 3282 α
938 3221 943 3293 1
959 3223 1147 3277 ceterorum

138 3297 201 3349 oet
214 3296 264 3349 del.
280 3315 297 3348 κ
346 3292 544 3348 conticiumss
594 3299 628 3346 22
642 3296 756 3347 tarasii
772 3294 776 3364 Ι
791 3292 872 3346 leone
888 3297 892 3361 Ι
908 3295 989 3347 tauro
1040 3299 1076 3348 28
1090 3293 1147 3349 uir·

137 3365 202 3434 gine
219 3367 223 3437 Ι
240 3365 328 3419 ariete
383 3370 417 3419 24
435 3364 508 3418 libra
527 3366 532 3436 l
554 3364 615 3435 piso
632 3370 738 3418 ΜΡΝ
756 3363 880 3434 piscibus
899 3369 921 3424 α
983 3368 1018 3419 25
1037 3364 1147 3437 scorpio

138 3442 216 3489 MPR
227 3437 232 3509 ι
243 3436 274 3489 in
284 3436 400 3504 aquario
416 3437 420 3507 Ι
437 3453 516 3506 scorp
561 3442 595 3490 26
605 3453 699 3490 rursus
712 3443 738 3491 et
747 3441 780 3489 27
790 3434 980 3504 itaqueomo
1024 3441 1059 3490 29
1069 3435 1148 3491 souin

138 3511 165 3557 Μ
180 3508 184 3578 l
200 3507 369 3576 iuganturv
442 3513 475 3561 30
495 3523 523 3561 se
537 3524 587 3577 per
599 3509 629 3579 v]
644 3523 727 3578 saepe
799 3513 831 3560 31
852 3522 979 3577 exagona
991 3505 1040 3561 uel
1053 3506 1149 3567 aliae
