2416 3840
464 172 502 226 IV
517 178 559 243 19,
574 189 669 229 ss—sr.
1002 174 1067 240 253

56 321 209 384 inventus
234 321 266 382 et
289 319 422 402 plenum
445 319 619 384 crescentis
638 317 748 384 Lunae
767 319 877 385 lumen
896 319 1068 404 exceperit,

58 408 100 473 ob
124 406 282 471 maleficia
303 407 355 471 vel
383 406 425 471 ob
453 405 579 472 inlicita
606 429 698 472 sacra
720 408 771 472 vel
795 409 836 473 ob
865 409 1065 474 adulteratas

57 495 211 581 pecunias
230 495 358 580 publice
378 498 544 561 accusatos
563 494 661 561 faciet
680 495 787 581 gladio
807 495 948 562 interire.
986 496 1065 563 (lor-
1078 500 1120 565 28

57 607 119 670 pus
150 606 226 649 vero
256 583 355 649 faciet
385 583 579 669 Mercurius,
614 606 687 649 cum
719 584 868 649 dominus
898 586 1066 671 geniturae

31 673 173 756 afuerit,
200 673 342 737 medium
371 694 498 757 semper
521 677 553 737 et
581 673 703 758 gracile
726 679 759 737 et
790 695 927 757 quorum
950 673 1068 740 faciem

60 761 168 827 tenuis
191 762 297 845 pallor
319 760 440 842 lividet,
464 761 574 827 oculos
598 784 673 827 vero
698 766 793 827 ornat
815 760 1066 847 pulchritudinis

59 850 240 916 honestate.
294 849 401 914 Erunt
438 872 514 915 sane
552 850 714 916 modicum
746 850 855 916 cibum
886 853 1066 935 potumque

61 943 226 1005 sumentes
263 943 296 1003 et
329 939 447 1023 quibus
483 939 632 1004 omnibus
667 940 853 1006 substantia
884 940 1068 1005 litterarum

60 1027 178 1094 merito
202 1026 387 1093 conferatur
410 1032 443 1092 et
466 1029 523 1111 qui
549 1032 683 1113 propter
710 1027 837 1094 litteras
860 1029 911 1094 vel
934 1033 1069 1113 propter

19 1146 47 1186 ro
61 1116 149 1182 docti
172 1116 330 1183 sermonis
354 1121 506 1181 ornatum
529 1116 671 1182 adsiduis
699 1118 826 1183 soleant
848 1116 1068 1204 legationibus

61 1205 154 1291 fungi
181 1209 215 1270 et
238 1227 319 1290 quos
343 1210 541 1271 secretarum
565 1228 602 1272 ac
629 1206 856 1291 religiosarum
882 1206 1067 1272 litterarum

61 1315 179 1359 arcana
206 1294 373 1360 delectent.
418 1293 530 1360 Faciet
553 1295 653 1359 etiam
680 1295 855 1396 magistros
882 1298 939 1359 aut
963 1297 1121 1380 gram-29

61 1382 198 1448 maticae
226 1384 307 1448 artis
336 1387 393 1447 aut
420 1384 582 1448 oratoriae
611 1384 1068 1467 autph1losopharumlitte·

61 1492 171 1536 rarum
198 1472 391 1555 interpretes
420 1493 457 1536 ac
485 1471 661 1556 magistros
690 1476 724 1535 et
751 1472 807 1555 qui
835 1472 944 1536 omnia
972 1493 1068 1557 nego·

21 1589 48 1630 ra
61 1560 209 1625 tiationis
237 1560 345 1626 officia
372 1558 460 1625 facili
484 1560 609 1624 ratione
632 1563 846 1644 pertractent,
874 1559 1068 1644 accipientes

61 1649 183 1733 pariter
220 1670 258 1713 ac
297 1650 436 1730 [dantes]
475 1649 664 1713 exhibentes
701 1647 794 1713 fidele
832 1649 1069 1714 commercium.

61 1737 169 1802 Erunt
198 1760 273 1802 sane
301 1738 335 1802 in
364 1737 451 1802 omni
478 1736 700 1823 negotiatione
731 1737 877 1821 solliciti,
911 1738 1008 1803 utiles
1037 1742 1070 1803 et

63 1826 120 1909 qui
139 1826 339 1891 substantiae
358 1826 530 1891 facultates
551 1826 618 1890 suis
637 1825 761 1890 viribus
776 1825 941 1912 colligant,
959 1830 1070 1911 patres

63 1913 205 1979 familiae
229 1916 270 1979 ab
295 1915 383 1979 omni
405 1913 607 1979 luxuriarum
627 1915 764 1997 sepositi
783 1915 959 1998 voluptate,
982 1915 1070 1994 iusti,

22 2033 50 2074 20
64 2003 128 2068 sibi
151 2009 303 2069 vacantes
328 2007 361 2067 et
382 2025 402 2067 a
421 2003 676 2069 conversationis
694 2002 843 2087 publicae
863 2001 1002 2088 strepitu
1021 2025 1070 2068 se-

64 2092 171 2175 parati
195 2096 228 2156 et
252 2091 308 2175 qui
332 2113 443 2156 omnes
470 2090 643 2176 religiones
673 2113 710 2157 ac
734 2093 810 2157 deos
835 2113 906 2157 oum
932 2093 1070 2176 quadarn

63 2179 279 2261 trepidatione
307 2181 494 2264 suspiciant.
542 2179 576 2245 si
603 2202 680 2245 vero
707 2180 863 2246 vitiorum
891 2201 928 2245 ac
955 2180 1070 2246 valitu·
1081 2182 1123 2247 30

65 2267 149 2333 dinis
168 2269 349 2352 possederit
368 2270 475 2333 locum
494 2272 527 2333 et
546 2267 773 2334 malivolorum
788 2268 956 2333 stellarum
970 2269 1070 2334 fuerit

63 2355 182 2421 minaci
211 2358 389 2422 radiatione
418 2356 627 2442 constrictus,
659 2357 743 2442 (ab)
770 2357 961 2423 humoribus
989 2358 1071 2424 vitia

23 2475 50 2516 aa
64 2446 220 2532 decernit,
244 2449 277 2510 et
301 2447 328 2511 si
346 2444 439 2511 Luna
462 2445 544 2512 male
567 2444 665 2511 fuerit
684 2447 852 2532 collocata,
875 2451 932 2512 aut
951 2448 1070 2530 spasti-

66 2556 120 2601 cos
144 2539 201 2600 aut
222 2535 383 2601 lunaticos
407 2539 464 2601 aut
491 2534 627 2600 caducos
650 2534 730 2601 facit
757 2540 791 2601 et
814 2557 901 2601 mors
924 2535 990 2601 illis
1013 2541 1070 2601 aut

66 2645 104 2687 ex
128 2625 219 2708 aquis
243 2627 300 2688 aut
323 2647 361 2689 ex
384 2624 575 2690 humoribus
599 2645 726 2710 semper
748 2623 895 2690 infertur.

154 2713 243 2779 Scire
275 2713 386 2798 itaque
418 2735 477 2778 nos
510 2717 653 2796 oportet,
691 2712 776 2780 sicut
808 2714 954 2797 superius
987 2716 1121 2780 com-31

65 2801 307 2887 prehendimus,
336 2802 412 2886 quia
440 2800 497 2867 Sol
525 2806 558 2867 et
580 2800 674 2867 Luna
700 2824 878 2886 numquam
907 2802 1070 2885 accipiunt

26 2919 52 2958 so
67 2889 234 2975 geniturae
267 2890 476 2955 dominatum.
532 2889 595 2956 Sed
627 2913 700 2955 cum
733 2891 871 2956 dominis
904 2891 1071 2976 geniturae

156 3032 171 3080 2
191 3028 227 3081 ob
237 3035 300 3095 post
315 3044 395 3082 sacra
408 3027 452 3082 vel
466 3029 724 3153 omjipadulturas
734 3035 781 3083 ΡΒ
816 3036 834 3083 4
847 3028 919 3083 faeie
929 3028 1072 3101 (faciettl)

66 3101 157 3166 tenus,
171 3115 267 3154 corav
304 3098 459 3168 apossorrr
475 3099 555 3170 linui
575 3101 765 3168 et‚corr.Sittl
796 3107 811 3154 7
822 3101 952 3169 cybum?
988 3106 1072 3155 som-

66 3170 156 3224 nisuo
194 3173 469 3223 11sacratarum1>n
506 3176 538 3224 12
550 3171 671 3226 archana
709 3178 741 3224 14
755 3172 960 3240 intepraetesl
988 3172 1072 3226 lofa-

67 3241 120 3295 cile
139 3247 176 3293 Β1
192 3243 197 3311 Ι
212 3243 407 3310 pertractasti
457 3247 490 3296 16
504 3243 554 3297 del.
570 3242 633 3298 Sittl
649 3244 653 3315 l
669 3241 817 3296 exhibente
831 3247 878 3294 ΡΒ
924 3248 957 3297 19
977 3243 1032 3296 omi
1045 3249 1073 3296 Ι

68 3318 103 3365 20
122 3311 334 3366 conuersatione
352 3331 378 3382 p,
396 3312 538 3385 strepitus,
556 3329 649 3368 coreo
663 3315 697 3380 cs.
708 3317 775 3380 23‚2
823 3318 856 3366 21
872 3329 905 3367 ac
920 3313 986 3368 deos
997 3314 1072 3385 Sittl]

68 3383 152 3437 adeos
167 3389 215 3436 ΡΒ
233 3383 269 3437 ad
289 3400 335 3438 eos
349 3390 377 3437 Ι
430 3390 463 3437 22
483 3383 644 3454 suscipiant,
663 3401 730 3439 corr.
746 3384 878 3456 Nemetluj
927 3391 961 3439 23
979 3400 1073 3455 posse·

68 3453 169 3521 derint,
187 3472 254 3510 corr.
265 3452 294 3508 A'
313 3461 317 3520 Ι
333 3457 362 3508 et
375 3461 455 3509 om.1’
518 3461 552 3509 24
571 3455 756 3525 constrinctis,
770 3472 837 3512 corr.
850 3473 888 3511 κσ
904 3458 908 3528 Ι
924 3457 987 3511 add.
1003 3478 1020 3512 κ
1038 3458 1073 3524 cf.

67 3529 131 3594 233,
145 3538 172 3577 aa
244 3532 276 3579 26
296 3527 455 3595 decernunt,
474 3543 542 3582 corr.
556 3525 586 3580 A'
