2416 3840
447 170 542 241 mre,
556 177 648 240 9—14,
662 188 682 226 1.
1005 171 1065 237 191

56 315 124 400 ipsi
151 315 275 399 pariter
304 337 341 380 ae
368 316 474 381 matri.
522 314 557 381 Si
588 337 665 381 vero
696 317 787 381 nullo
819 315 853 382 in
885 316 1067 402 horoscopo
1080 317 1121 382 13

59 404 241 469 constituto
266 403 336 469 sola
362 427 419 489 per
447 404 533 470 diem
560 405 594 468 in
621 403 693 468 XII.
718 405 758 469 ab
785 404 967 490 horoscopo
994 406 1066 472 loeo

58 492 160 557 fuerit
191 493 334 575 inventa,
371 494 529 558 iacturam
565 492 769 576 patrimonii,
806 494 941 559 miseros
974 500 1066 560 aetus

61 580 389 666 peregrinitatemque
418 582 569 647 decernit.
616 580 651 646 si
678 603 754 646 vero
784 603 842 665 per
869 587 999 649 noctem
1027 584 1068 647 si·

32 669 131 736 smili
154 669 249 735 modo
269 672 302 733 in
322 669 475 735 hocloco
494 669 593 734 fuerit
610 670 750 755 inventa,
773 668 908 736 miseros
927 670 1066 737 humiles

60 763 118 823 aut
139 757 256 824 humili
280 761 336 823 aut
359 758 469 824 servili
492 778 609 843 genere
628 758 725 823 faciet
746 759 909 842 procreari
928 763 961 824 et
979 760 1066 825 labo-

59 847 164 912 riosos
187 851 220 911 et
243 867 370 930 semper
396 847 547 932 ingloriis
574 847 702 911 actibus
731 853 906 930 occupatos
934 853 967 912 et
991 870 1066 932 quo-

60 958 132 1001 rum
163 957 280 1019 eorpus
309 938 366 999 aut
393 956 429 999 os
461 935 554 1020 gravi
587 936 695 1001 odoris
725 934 881 1001 foeditate
909 939 1066 1021 turpetur,

58 1025 114 1090 sed
139 1024 194 1108 qui
219 1026 403 1108 frequenter
426 1023 497 1088 falli
518 1024 760 1108 periclitarique
780 1031 1015 1089 consueverunt
1033 1034 1067 1089 et

16 1139 45 1178 ιο
59 1112 114 1196 qui
137 1112 255 1177 vitium
278 1112 410 1196 aliquod
433 1135 472 1177 ex
494 1113 738 1197 peregrinitatis
761 1113 974 1179 incommodis
994 1135 1067 1179 eon-

59 1201 201 1266 trahant.

148 1287 210 1354 Sed
235 1292 269 1354 et
290 1287 402 1354 Lunae
429 1288 731 1354 duodeeatemorion
759 1293 793 1354 et
819 1289 914 1375 fines,
941 1291 976 1354 in
999 1292 1066 1374 qui·
1079 1290 1120 1353 14

58 1378 121 1443 bus
146 1381 196 1443 est
219 1378 531 1460 duodecatemorion,
554 1378 727 1463 diligenter
749 1376 889 1461 inquire3
913 1379 1065 1462 quiequid

59 1466 148 1531 enim
170 1467 205 1530 in
228 1467 378 1552 genitura
393 1467 529 1532 uelatur
556 1489 595 1530 ex
622 1467 766 1551 generali
790 1466 958 1532 stellarum
982 1489 1066 1532 eom·

16 1579 44 1621 1⁶
59 1554 232 1638 positione,
255 1555 288 1619 id
307 1560 414 1620 totum
434 1553 715 1620 duodeeatemoria
737 1559 770 1619 et
792 1554 872 1619 fines
892 1556 1065 1620 eorundem

58 1642 228 1727 publicant
251 1647 284 1708 et
312 1645 543 1708 demonstrant.
590 1641 625 1708 si
653 1643 738 1707 enim
761 1666 801 1708 ex
824 1643 1066 1709 duodeeatemo·

58 1731 182 1797 riorum
210 1731 354 1797 efficacia
381 1737 414 1796 et
442 1754 481 1796 ex
508 1722 640 1814 finibus,
668 1731 703 1795 in
731 1732 848 1815 quibus
875 1731 997 1797 fuerint
1020 1734 1065 1797 in·

57 1824 164 1903 venta,
194 1842 322 1885 omnem
345 1821 485 1884 volueris
514 1821 784 1903 apotelesmatum
808 1820 967 1904 explicare
991 1821 1064 1885 sub·

58 1910 224 1990 stantiam,
246 1930 312 1974 non
334 1909 471 1993 falleris3
495 1908 701 1992 Babylonii
725 1909 810 1973 enim
831 1907 891 1993 [in]
912 1910 1065 1975 duodeea-

14 2025 43 2066 ιο
57 1997 204 2062 temeriis
229 2019 388 2062 summam
412 1998 615 2062 decretorum
637 1997 794 2080 tribuunt,
817 1997 1064 2062 Ptolomaeus

57 2108 134 2152 vero
158 2086 314 2171 antiseiis,
336 2109 397 2151 nos
419 2086 574 2169 utrisque.

177 2332 263 2399 XIV.
297 2331 440 2414 <LUNA
462 2330 511 2398 IN
533 2331 647 2399 LOCO
672 2330 944 2416 FORTUNAE.>

147 2457 185 2523 In
213 2457 286 2522 loeo
308 2457 472 2522 Fortunae
495 2457 589 2523 Luna
616 2457 643 2522 si
670 2456 769 2522 fuerit
796 2458 928 2523 inventa
956 2460 989 2520 et
1017 2456 1064 2522 sio
1099 2458 1115 2521 1

55 2547 175 2632 posita,
197 2550 235 2611 ut
258 2546 425 2611 adiuvem
448 2547 572 2611 feratur
594 2547 644 2611 vel
669 2547 726 2628 [si]
750 2568 823 2611 eum
841 2546 913 2630 ipso
933 2545 985 2629 sit,
1009 2546 1064 2611 du·

11 2664 40 2706 rs
56 2641 150 2702 uatus
167 2635 463 2700 administrationes
482 2634 621 2720 gloriam
639 2634 893 2719 felicitatemque
913 2636 1064 2699 desernit.

56 2722 94 2791 Si
117 2746 192 2789 enm
211 2723 337 2788 Venere
355 2725 390 2787 in
412 2723 475 2789 hoe
498 2723 570 2789 loeo
593 2723 692 2789 fuerit
715 2724 894 2789 constituta
912 2722 1005 2806 (vel)
1024 2723 1064 2786 ad

147 2958 161 3004 1
182 2949 289 3018 matris,
308 2939 375 3004 corr.
395 2949 450 3009 (μ’
531 2956 546 3002 2
567 2949 641 3003 diem
659 2952 693 3022 V]
712 2949 786 3003 idem
805 2955 873 3002 ΜΒ·
892 2948 985 3001 didem
1002 2945 1064 3000 PBb

55 3021 211 3090 tinctura,
230 3038 297 3076 eoru.
317 3019 347 3074 A‘
435 3027 450 3073 6
469 3020 595 3090 humilia,
615 3038 682 3075 corr.
701 3019 731 3073 A‘
758 3027 762 3084 1
786 3035 941 3090 procreare,
960 3035 1027 3072 eurr.
1047 3036 1064 3070 a

56 3091 253 3163 iingloriosis
267 3098 290 3144 V
358 3095 487 3146 Santos
503 3091 572 3164 Μ’]
587 3094 683 3145 auctos
701 3094 704 3162 1
720 3094 908 3161 turpenturni
978 3094 1010 3142 10
1025 3087 1064 3141 vi-

54 3163 128 3219 tium
147 3162 216 3235 QA‘]
236 3162 333 3216 unium
349 3164 352 3233 Ι
369 3162 504 3231 -tatisque
522 3168 549 3215 11
621 3168 654 3215 12
673 3161 774 3231 quibus
793 3161 836 3233 Κ]
855 3177 910 3229 quo
979 3166 1011 3212 14
1031 3175 1065 3212 ex

55 3233 184 3307 generali
202 3232 245 3307 A‘]
265 3236 294 3287 et
312 3233 481 3304 generaliter
557 3238 589 3286 15
610 3232 900 3300 duodeeathemorion‚
919 3247 985 3286 eurr.
1001 3230 1066 3285 Sitti

56 3314 90 3362 17
110 3304 228 3373 inuenti,
248 3322 315 3360 corr.
330 3304 359 3357 A'
434 3310 466 3358 18
486 3305 515 3357 et
533 3303 671 3373 explicare
690 3310 737 3357 PB
811 3310 843 3357 19
861 3300 999 3356 babilonii
1016 3304 1019 3372 1
1035 3301 1065 3353 in

55 3379 141 3434 deta
213 3382 247 3430 20
267 3393 415 3444 summum,
435 3392 502 3429 corr.
520 3394 537 3428 a
609 3381 640 3429 21
662 3373 777 3428 antiseis
796 3379 874 3427 MPB
891 3376 894 3443 1
911 3372 1064 3440 utriusque,

54 3465 125 3506 eurr.
144 3445 200 3508 Μ’
283 3453 316 3500 22
336 3449 399 3501 add.
418 3465 436 3499 v
518 3452 550 3499 23
570 3444 610 3499 sie
628 3445 672 3518 A']
691 3445 729 3500 sit
751 3445 801 3514 (sie
820 3445 858 3500 sit
876 3447 906 3512 (1)
988 3449 1022 3496 24
1041 3442 1065 3497 si

54 3521 109 3576 del.
127 3536 166 3575 κσ
238 3523 271 3571 25
291 3516 550 3587 administrationis,
569 3533 637 3572 corr.
656 3537 673 3571 κ
745 3522 778 3569 26
797 3517 841 3571 vel
859 3516 922 3572 add.
942 3533 960 3568 v
