2416 3840
104 163 145 226 36
534 161 671 214 rrumor

104 307 297 392 glacialibus
321 306 469 370 adiacent
491 306 594 387 nonis,
622 327 704 388 quae
732 305 881 371 viduatae
905 328 942 370 ac
965 307 1112 371 desertae

105 394 189 461 Solis
222 395 391 458 ardoribus
421 395 586 479 perpetuis
614 394 804 477 pruinarum
836 395 966 458 nivibus
1003 395 1113 478 oppri-

105 489 245 566 muntur,
269 488 382 568 gentes
406 484 480 546 illas
504 482 686 566 hominum,
713 505 792 565 quas
816 481 851 546 in
873 483 979 547 vicino
1003 483 1113 566 posita

103 595 184 637 zona
207 575 411 657 progenerat,
434 571 537 636 nitido
559 572 683 635 faciunt
707 571 828 635 lumine
852 572 1012 655 splendidi
1036 594 1113 636 can-

104 663 191 726 doris
216 661 332 725 ornari.
375 659 437 724 Sed
456 661 539 724 etin
560 660 611 723 his
631 661 828 744 regionibus,
853 682 934 744 quae
957 661 1111 725 candidos
1141 688 1154 727 5

104 751 251 814 homines
274 754 455 833 procreant,
478 755 511 812 et
534 749 568 812 in
589 749 654 812 illis
678 771 798 830 rursus,
823 771 904 832 quae
925 750 1048 834 nigrae,
1072 750 1113 813 ad

103 840 273 903 variandas
297 838 465 901 hominum
487 837 609 901 formas
634 836 800 901 stellarum
823 837 999 921 plurimum
1022 842 1113 921 pote-

105 931 172 991 stas
197 933 350 1010 operatur
382 931 415 990 et
442 925 613 1008 unicuique
643 926 783 1010 homini,
814 927 890 990 licet
923 927 1040 991 coloris
1069 926 1114 992 sit

105 1039 168 1080 una
188 1015 380 1097 substantia,
399 1015 558 1078 diversam
578 1019 688 1078 tamen
706 1015 847 1097 speciem
867 1015 1113 1080 deformationis

75 1106 265 1188 9adsignat.
302 1103 395 1168 Unde
414 1103 498 1166 enim
519 1125 552 1166 se
569 1104 658 1184 [sibi]
679 1104 800 1188 singuli
817 1105 949 1186 propria
968 1105 1114 1187 corporis
1131 1133 1157 1170 ιο

106 1192 384 1257 liniamerrtatione
402 1193 624 1276 cognoscunt?
648 1193 732 1257 unde
751 1192 842 1267 filios
855 1193 972 1256 fratres
993 1214 1113 1277 cogna-

106 1287 172 1363 tos,
203 1283 286 1344 unde
319 1282 404 1345 cives
437 1281 625 1365 peregrinos
655 1281 779 1345 vicinos
817 1282 939 1346 amicos
966 1281 1114 1364 hospites

106 1375 236 1451 norunt,
260 1371 287 1434 si
310 1391 375 1433 non
395 1368 531 1453 singulis
551 1369 658 1433 varios
677 1370 884 1452 diversosque
904 1369 1013 1434 vultus
1038 1371 1115 1435 stel-

56 1460 96 1524 10
106 1459 211 1523 larum
235 1465 380 1541 potestas
405 1457 583 1522 adscribit?
630 1455 876 1522 Consideremus
905 1459 1015 1542 itaque
1042 1480 1116 1523 con-

107 1547 305 1614 ciliationem
325 1547 452 1631 generis
471 1547 604 1610 humani
629 1553 661 1610 et
680 1549 884 1611 retractando
903 1548 1114 1630 inveniemus,
1130 1574 1156 1614 15

108 1659 205 1721 quam
232 1637 355 1700 nefaria
387 1641 420 1698 et
448 1657 545 1718 quam
577 1636 677 1719 impia
709 1642 862 1718 poteraut
891 1637 960 1701 illic
992 1637 1116 1700 scelera

108 1726 279 1805 committi,
299 1725 326 1787 si
346 1728 535 1788 cunctorum
555 1748 619 1788 una
638 1723 736 1789 facies
752 1726 888 1808 populos
904 1725 978 1788 illos
993 1747 1115 1808 aequae

108 1813 330 1878 similitudinis
344 1813 538 1877 formatione
554 1813 778 1894 confunderem
798 1814 837 1876 ad
854 1835 998 1877 sororem
1012 1813 1116 1878 frater

108 1905 261 1986 deceptus
286 1901 496 1966 similitudine
521 1901 612 1985 quasi
632 1903 768 1966 maritus
788 1903 934 1983 intraret,
957 1902 1116 1967 traheret·

109 2015 170 2076 que
194 1993 276 2055 alius
296 1991 437 2056 contacti
457 1990 646 2074 inpudentia
668 1991 764 2055 alieni
786 1991 866 2055 iuris
885 2013 1035 2076 uxorem3
1059 1991 1117 2055 alii
1131 2019 1158 2057 so

109 2082 147 2145 de
170 2081 238 2144 filio
263 2081 401 2144 erratica
425 2079 643 2144 contentionis
670 2080 910 2144 conflictatione
939 2084 1116 2166 certarent3

33 2183 35 2187 ⁴
110 2170 166 2233 alii
185 2170 354 2252 nescirent,
378 2169 563 2252 quiessent
587 2168 644 2250 illi,
669 2168 723 2251 qui
747 2169 809 2232 sibi
833 2169 930 2252 paulo
952 2173 1027 2232 ante
1052 2191 1117 2233 ser·

109 2258 249 2342 vierant3
280 2258 363 2320 alter
390 2257 540 2340 ingenuis
567 2255 730 2321 natalibus
757 2261 854 2321 natus
883 2257 974 2341 quasi
1003 2279 1116 2322 servus

109 2369 146 2410 ex
172 2345 304 2409 confusa
328 2345 539 2408 similitudine
559 2345 724 2409 obstinato
743 2344 889 2410 ducentis
916 2368 1024 2410 errore
1048 2351 1116 2410 tra-

109 2435 250 2518 heretur,
274 2433 337 2497 nisi
360 2433 555 2496 uniformem
579 2433 675 2497 istam
695 2435 844 2514 ‚colorum
868 2433 1115 2499 similitudinem
1130 2459 1157 2501 ss

110 2523 250 2586 maxima
276 2522 425 2585 vultuum
452 2519 681 2586 dissimilitudo
710 2525 863 2602 variaret3
897 2546 977 2606 quae
1006 2525 1117 2588 omnia

110 2611 300 2694 compositis
329 2611 496 2674 stellarum
524 2611 674 2675 mixturis
705 2634 741 2676 ac
772 2612 1008 2677 radiationibus
1036 2616 1117 2676 tem-

60 2701 274 2783 llperantur.
319 2698 403 2763 Ecce
430 2699 517 2762 illius
545 2701 664 2764 candor
696 2723 734 2764 ex
763 2701 871 2784 aliqua
903 2705 994 2784 parte
1027 2700 1117 2786 nigri

111 2789 227 2854 coloris
251 2788 340 2852 tenui
364 2788 604 2852 inumbratione
628 2790 795 2874 sordescit,
817 2794 850 2853 et
872 2789 960 2854 illius
984 2788 1116 2874 nigram

109 2877 225 2942 faciem
249 2877 399 2960 splendor
421 2875 539 2941 modici
563 2878 709 2942 candoris
733 2878 905 2942 illuminat.
944 2877 1027 2954 Quid
1047 2879 1115 2943 iam
1131 2906 1159 2946 uo

199 3095 215 3140 4
233 3086 338 3139 lumine
351 3088 379 3158 a]
394 3085 519 3140 homines
536 3087 539 3156 l
557 3087 685 3154 spendidi
699 3093 722 3138 R
777 3094 792 3140 9
808 3087 993 3141 deformitatis
1008 3088 1068 3141 ads.
1087 3091 1118 3142 et

111 3157 321 3212 deformationis
341 3163 362 3217 Q
425 3163 457 3210 10
477 3156 603 3224 assignat
620 3165 647 3210 111
663 3159 666 3228 l
683 3175 743 3212 sese
762 3157 866 3228 singuli
884 3158 913 3211 A'
980 3165 1011 3212 11
1029 3158 1120 3214 linea·

111 3229 283 3283 mentatione
301 3226 336 3281 Pb
392 3235 424 3281 14
443 3227 574 3281 asscribit
591 3231 687 3284 deiude
705 3248 759 3284 rus.
779 3233 849 3299 (orl)
867 3235 895 3281 Π
949 3236 981 3283 19
1001 3232 1120 3284 tractet·

112 3306 202 3368 quea
255 3306 289 3353 20
308 3299 364 3368 inp.
381 3302 452 3352 cont.
468 3298 510 3350 Mb
528 3298 702 3368 impudentia
717 3306 738 3360 α
756 3304 916 3354 contactam
928 3301 1120 3369 impmdentia

113 3372 244 3442 Ne'mcthy
305 3377 337 3424 21
359 3369 478 3424 erratica
496 3371 541 3441 nu]
560 3371 671 3426 erratici
735 3378 767 3424 23
786 3371 954 3441 ingenius?
1016 3378 1050 3425 24
1070 3373 1120 3426 ob-

113 3440 219 3510 stinati,
238 3458 341 3495 cornu
395 3447 427 3495 25
447 3440 602 3496 uniformen
620 3449 643 3494 R
697 3450 730 3496 26
750 3442 860 3496 uultum
877 3449 926 3495 PR
979 3449 1013 3496 27
1032 3443 1120 3499 ratio-

112 3511 204 3581 nibus,
222 3529 289 3566 corr.
309 3529 343 3565 nu
414 3518 447 3566 30
466 3511 568 3585 coloris
587 3517 616 3567 et
634 3513 761 3567 candoris
781 3519 802 3573 α
