2416 3840
131 156 194 221 158
264 196 267 202 ·
570 154 716 209 FOEMIOE·
762 216 765 221 .

18 316 22 325 “
99 305 117 369 7
218 300 256 365 In
272 304 387 383 quarto
402 295 474 364 loco
490 298 668 365 Mercurius
687 302 727 364 ab
743 299 923 384 horoscopo
939 300 1142 367 constitutus

130 391 164 455 in
178 388 266 454 luo.
281 388 379 453 faciet
393 392 506 452 acutos
525 393 559 452 et
576 389 715 472 publicis
730 387 913 453 rationibus
931 391 1142 473 praepositos

130 483 162 543 et
191 479 246 562 qui
274 477 447 562 multiplici
475 478 625 542 doctrina
651 478 805 561 polleant.
851 475 887 542 Si
909 499 985 542 vero
1014 479 1050 543 in
1078 479 1142 544 hoc

72 627 74 630 ,
128 568 201 633 loeo
220 568 254 630 in
272 567 434 630 matutino
454 569 527 629 ortu
546 565 646 653 fuerit
664 567 825 649 inventus,
844 570 1044 643 secretarum
1062 588 1144 651 qua·

129 657 265 722 rundam
293 655 414 720 artium
440 653 546 718 reddit
569 655 753 740 magistros.
801 652 835 718 Si
858 676 934 719 vero
959 654 1006 720 sie
1028 656 1142 740 posito

129 744 290 810 Mercurio
319 745 400 809 alios
429 743 598 827 geniturae
627 744 773 808 cardines
800 743 889 807 Mars
915 741 1141 830 Saturnusque

128 834 332 918 possederint
364 837 397 896 et
418 832 624 896 *Mercurium
657 837 714 896 aut
747 834 785 896 de
818 832 976 915 quadrato
1009 838 1070 897 aut
1103 834 1141 898 de

129 924 288 987 diametro
316 921 532 1005 respexerint,
558 920 679 985 facient
707 922 944 1007 accusationes,
972 922 1141 987 custodias

129 1010 266 1076 carceris
295 1014 327 1074 et
354 1010 541 1093 frequenter
568 1009 800 1075 damnationes.
847 1008 882 1074 si
904 1031 981 1085 vero
1010 1032 1141 1094 vesper·

128 1100 217 1163 tinus
245 1100 279 1162 in
307 1102 422 1181 quarto
451 1099 492 1162 ab
520 1097 703 1183 horoscopo
730 1097 845 1181 (loeo)
874 1098 960 1163 idest
985 1098 1021 1163 in
1050 1098 1155 1167 Illo:

128 1188 228 1252 fuerit
250 1188 415 1269 inventus,
444 1185 542 1251 faciet
566 1187 713 1251 aurifices
739 1191 797 1251 aut
819 1187 961 1252 fossores
985 1187 1059 1251 auri
1083 1192 1140 1253 aut

129 1278 359 1341 absconsarum
393 1275 593 1359 quarundam
626 1276 746 1340 artium
780 1275 956 1360 magistros
995 1279 1053 1340 aut
1084 1277 1139 1361 qui

129 1370 282 1449 computo
302 1369 359 1429 aut
377 1363 500 1430 calculo
519 1365 691 1429 videantur
709 1363 870 1448 instructi,
894 1368 951 1428 aut
969 1363 1139 1454 palaestri-

129 1476 239 1519 corum
262 1454 431 1517 hominum
455 1453 550 1517 duces
572 1454 841 1538 praepositosque
864 1452 1021 1536 perficiet.

97 1546 116 1609 8
216 1544 255 1607 In
270 1543 384 1626 quinto
399 1545 471 1606 loco
485 1542 665 1606 Mercurius
683 1543 724 1606 ab
739 1542 921 1626 horoscopo
937 1543 1155 1609 constitutum

127 1632 213 1697 siin
237 1632 397 1696 matutino
422 1635 495 1695 ortu
517 1630 617 1694 fuerit
640 1631 804 1715 inventus,
828 1631 1042 1696 absconsores
1068 1632 1137 1696 auri

128 1725 161 1784 et
185 1721 371 1785 divitiarum
395 1719 493 1784 faciet
516 1724 549 1783 et
573 1718 630 1803 qui
652 1720 857 1802 providentia
881 1741 939 1790 sua
959 1720 1136 1785 maximam

127 1809 250 1875 faciant
269 1807 471 1874 substantiae
490 1808 691 1893 facultatem,
714 1811 771 1872 aut
789 1808 912 1890 alienis,
932 1808 988 1873 sed
1008 1810 1136 1895 magnis

126 1897 206 1963 facit
229 1898 431 1983 praepositos
454 1897 599 1980 pecuniis
624 1897 736 1981 etqui
760 1896 876 1961 divinis
896 1897 1044 1962 moribus
1069 1919 1136 1963 esse

126 1989 306 2053 videantur.
342 1985 535 2051 Decernitur
558 1986 757 2050 autemillis
781 1985 827 2070 sic
845 1986 953 2070 posito
972 1985 1155 2053 Mercurios

126 2078 268 2141 maxima
291 2077 376 2141 vitae
400 2075 584 2139 substantia
615 2079 648 2139 et
671 2074 733 2138 erit
755 2074 822 2138 illis
845 2075 982 2140 fecunda
1006 2076 1135 2143 soboles

96 2166 277 2230 9filiorum.
325 2164 359 2229 si
382 2159 458 2229 iero
484 2165 689 2248 vespertinus
718 2164 753 2226 in
775 2162 838 2228 hoc
861 2164 932 2228 loco
961 2163 1066 2229 fuerit
1091 2165 1136 2230 in·

126 2259 255 2338 ventus,
288 2254 441 2338 pecunias
473 2253 564 2316 nulla
595 2252 719 2335 poterit
749 2253 875 2317 ratione
903 2274 1048 2338 servare,
1083 2253 1135 2319 sed

125 2347 245 2425 toturn,
274 2341 426 2426 quicquid
450 2342 604 2424 pecuniae
632 2342 683 2406 rel
707 2341 776 2405 auri
806 2345 839 2404 et
863 2342 991 2427 argenti
1015 2347 1136 2408 cetero

125 2454 261 2514 rumque
294 2431 464 2495 mobilium
497 2430 676 2513 repositum
708 2429 820 2513 fuerit,
856 2429 999 2515 profirsis
1036 2431 1155 2496 facieba

39 2590 42 2601 ,
126 2519 370 2604 erogationibus
404 2517 562 2602 dissipari.
608 2517 721 2583 Faciet
755 2540 832 2583 sane
868 2518 1062 2603 negotiosos
1100 2541 1136 2585 ac

125 2607 306 2672 rationibus
335 2606 475 2690 publicis
505 2628 706 2691 quacumque
735 2606 1018 2672 administratione
1044 2630 1137 2693 prae·

124 2697 260 2781 positos.
305 2696 399 2761 Facit
422 2694 585 2761 interdum
610 2718 669 2780 pro
695 2695 852 2779 qualitate
876 2695 1048 2782 signorum
1072 2719 1137 2763 ma·

214 2880 228 2926 1
249 2871 385 2927 constitus
403 2878 427 2923 R
515 2869 755 2942 21M0.A']mc.
775 2873 868 2941 (mere.
882 2871 919 2940 Η)
1011 2877 1026 2925 5
1046 2866 1138 2943 mapi-

125 2945 217 3014 sterio,
236 2962 304 3000 corr.
323 2942 380 2997 VA'
437 2948 453 2996 8
473 2940 666 2996 excusationes
685 2947 719 2994 pa
794 2948 827 2995 10
846 2943 909 2996 add.
930 2939 960 2994 A'
977 2942 981 3011 Ι
997 2940 1073 2998 IMC.
1094 2942 1140 3070 A}

124 3035 176 3071 mc.
249 3022 283 3070 13
306 3017 434 3084 compoto
462 3019 517 3066 HV
551 3015 554 3085 l
589 3012 700 3081 structi,
728 3029 795 3067 corr.
820 3010 850 3066 A'
886 3014 890 3083 l
924 3015 975 3066 aut
993 3010 1077 3086 obv]
1105 3032 1125 3069 u

125 3095 158 3143 18
178 3086 379 3155 substantiam,
403 3103 469 3140 corr.
494 3083 553 3144 Δά
587 3086 591 3155 l
625 3083 723 3152 alieni,
747 3101 815 3138 corr.
839 3083 869 3138 A'
961 3089 995 3138 19
1018 3083 1137 3155 diurnis,

124 3177 191 3215 cerr.
211 3178 229 3212 v
300 3164 335 3211 20
353 3157 484 3210 uideatur
501 3162 549 3208 PR
621 3162 653 3209 21
673 3154 807 3229 maxime,
825 3172 893 3210 corr.
912 3174 930 3209 a
963 3156 967 3225 Ι
1001 3155 1140 3212 fecunda·

123 3231 203 3300 biles‚
222 3248 290 3285 corr.
305 3228 335 3282 A'
391 3235 424 3282 22
443 3226 619 3296 uespertinus
630 3234 693 3296 post
705 3227 838 3280 inuentus
851 3228 983 3296 repetitv
1038 3233 1139 3311 upe-

124 3302 235 3357 cuniam
254 3305 263 3370 (
284 3317 344 3355 ece·
361 3303 393 3368 P)
412 3304 491 3352 MPR
511 3298 693 3367 pecuniarum
711 3297 740 3351 A'
776 3299 780 3369 l
815 3297 876 3352 auri
899 3301 928 3352 et
946 3296 1019 3370 Π]
1042 3302 1139 3355 narret

124 3380 157 3428 25
185 3321 332 3428 mobilium
359 3372 394 3444 V]
425 3369 546 3424 nobilior
579 3371 583 3440 l
616 3368 806 3451 praepositum
834 3372 902 3440 (tus
930 3372 977 3440 V),
1009 3385 1082 3425 corr.
1106 3369 1137 3426 ι’

124 3451 157 3498 26
171 3443 317 3515 negotioso
336 3446 403 3513 (sos
421 3445 455 3512 V)
473 3441 687 3511 sacratiombus,
705 3457 772 3497 coer.
792 3438 822 3493 A'
895 3445 929 3495 27
949 3457 1139 3515 quecumque,

124 3532 191 3570 corr.
211 3514 240 3567 A'
