2416 3840
508 181 547 236 IV
561 188 603 252 22,
617 199 700 238 ι-ιο,
1047 183 1111 250 267

245 329 336 394 loeus
477 331 587 412 partes
743 328 794 393 III
901 351 1021 396 vaenue

236 416 335 482 Iocus
476 419 587 502 partes
763 416 795 483 V
902 418 1041 485 Senator

244 505 334 571 loeus
476 509 586 590 paries
747 505 794 570 IX
900 529 1021 574 vacuus

243 594 333 659 loeus
476 596 585 678 paries
744 593 793 659 IV
902 594 1063 662 Senaaher

242 682 332 747 locus
475 686 586 767 partes
761 682 793 748 V
900 705 1020 749 vacuus

241 771 331 835 loeus
474 773 585 855 peries
743 770 790 836 IV
902 770 1085 838 Sentaeher.

188 893 230 959 ΙΙ.
258 895 384 961 Tauri.
438 895 478 961 In
495 895 608 961 'Tauri
641 895 734 982 signo
778 916 859 981 quae
897 896 964 961 sint
1000 900 1109 981 partes
1141 892 1161 957 9

101 982 225 1067 plenae,
248 1007 329 1068 quae
348 1006 477 1068 vacuae,
495 985 557 1050 hoc
577 984 818 1050 demonsiraiur
837 985 991 1069 exemplo.
1027 983 1110 1050 Sunt

101 1077 211 1137 autem
234 1072 268 1137 in
291 1072 398 1139 Tauro
421 1074 535 1159 plenae
558 1076 667 1158 partes
691 1072 766 1159 XX,
794 1096 913 1140 vacuae
937 1077 1047 1157 paries
1070 1072 1109 1139 X.

60 1176 152 1244 101
241 1178 331 1244 loeus
473 1183 582 1265 paries
746 1178 797 1244 III
897 1202 1017 1245 vaenue

117 1264 152 1330 Π
240 1268 331 1333 10000
473 1272 583 1353 partes
733 1267 799 1334 VII
898 1267 962 1333 Suo

100 1352 151 1417 III
240 1356 330 1422 loeus
473 1359 582 1441 partes
766 1354 799 1420 H
896 1377 1016 1422 vaenue

99 1441 149 1507 IV
239 1445 329 1510 loeus
473 1450 582 1529 partes
718 1443 798 1509 VIII
897 1443 987 1528 Aryo

116 1530 148 1596 V
238 1533 329 1599 Iocus
472 1536 582 1617 paries
765 1531 797 1597 V
896 1554 1016 1597 vacuus

60 1618 147 1687 15VI
237 1623 328 1687 Ioeue
472 1625 582 1705 partes
765 1620 797 1686 V
897 1620 1072 1687 Romanae.

187 1744 245 1810 HI.
270 1744 526 1810 Geminorum.
580 1743 620 1808 In
651 1742 862 1810 Geminorum
896 1745 990 1830 signo
1024 1765 1105 1827 quae
1118 1744 1159 1808 10

99 1832 166 1897 sini
197 1837 306 1917 partes
338 1833 468 1919 plenae,
499 1854 580 1917 quae
607 1855 742 1912 vacuae,
773 1833 836 1899 hee
864 1835 1107 1898 demonstraaur

98 1921 371 2075 ezgffiloxffuni
391 1925 500 1986 antem
519 1922 553 1986 in
568 1919 711 1986 Geminis
729 1921 844 2005 plenae
862 1926 971 2005 partes
985 1919 1107 2005 XVIII,

57 2141 84 2178 20
134 2113 150 2177 Ι
239 2116 330 2182 loeus
472 2121 582 2200 paries
724 2113 789 2180 VH
895 2115 1063 2200 Theeogar

119 2201 150 2265 ΙΙ
239 2203 329 2269 loeus
471 2207 581 2289 paries
755 2202 788 2269 II
894 2224 1014 2268 vacuus

99 2288 149 2354 III
238 2292 329 2358 loeus
471 2296 580 2377 paries
825 2351 828 2360 Α
895 2291 962 2357 Ver

101 2377 148 2442 IV
238 2380 327 2446 loeus
469 2386 580 2466 partes
895 2402 1014 2446 vacuus

117 2467 147 2533 V
236 2469 327 2535 Iocus
469 2474 579 2555 paries
893 2469 990 2554 Tepis

57 2582 84 2622 aa
100 2555 145 2622 VI
235 2558 325 2626 loeus
468 2563 578 2644 partes
721 2556 787 2623 VH
893 2580 1022 2624 vaenue.

186 2756 202 2803 2
221 2751 308 2806 altera
325 2752 439 2806 nomina
457 2753 521 2806 add.
537 2751 567 2804 A‘
587 2757 611 2806 et
628 2757 754 2807 recentes:
775 2753 889 2805 senator
903 2750 977 2804 idest
991 2749 1104 2803 aeieean

98 2824 145 2871 AB
165 2822 277 2875 senator
295 2823 334 2895 (2.
353 2824 398 2878 he'e
415 2831 440 2878 et
456 2840 535 2892 eaepe
553 2823 616 2877 add.
631 2821 677 2892 1³¹)
700 2821 897 2876 'AsnceANn
916 2828 941 2876 et
955 2821 978 2889 (I
991 2836 1025 2874 ex
1034 2820 1067 2882 L)
1081 2828 1103 2873 1>

99 2891 215 2958 (utemur
232 2894 404 2962 miaasceele'e)
497 2899 514 2946 4
533 2892 669 2946 senacher
681 2899 705 2945 B
722 2892 797 2946 idest
816 2891 957 2946 sentafora
975 2892 1039 2946 add.
1054 2895 1102 2944 An

98 2963 210 3015 aeenter
226 2963 270 3018 Ia'c
287 2970 312 3017 et
330 2963 500 3034 eentahpora
514 2970 577 3033 poet
594 2979 700 3017 uacuus
720 2965 736 3018 l.
752 2971 768 3018 3
787 2963 851 3017 add.
865 2968 914 3015 ΒΕ
1004 2968 1020 3015 6
1035 2979 1103 3016 uau-

98 3034 161 3085 cate
183 3035 282 3101 (uauee
296 3037 327 3105 B)
349 3033 426 3088 idest
447 3036 592 3090 asentaeer
608 3038 656 3087 ΑΒ
686 3050 775 3089 uaeue
792 3039 840 3086 ΒΕ
926 3038 941 3087 7
966 3033 1102 3087 secundus

97 3103 211 3157 tauri?
284 3109 315 3158 11
335 3104 410 3158 idest
428 3104 518 3159 asieat
536 3106 657 3160 adan
682 3103 772 3158 aeieat
786 3105 849 3158 add.
864 3110 912 3157 nr.
977 3108 1009 3157 13
1028 3103 1103 3160 idest

97 3191 166 3228 ason
185 3176 249 3230 add.
269 3181 316 3228 AB
345 3191 412 3229 asou
431 3177 494 3231 add.
514 3181 557 3229 nr.
648 3181 681 3230 15
701 3175 775 3229 idest
793 3175 862 3229 aarfi
880 3176 943 3230 add.
963 3179 1010 3228 AB
1042 3174 1103 3230 arfa

96 3247 160 3300 add.
176 3252 224 3299 Μ.
310 3252 344 3300 20
366 3249 474 3301 nenneri
500 3248 581 3302 vacui
607 3248 684 3313 eaai,
703 3247 782 3316 pleni
804 3247 912 3315 Incerta
936 3263 1002 3301 nam
1024 3263 1048 3300 0.
1068 3251 1102 3300 23

96 3316 135 3370 ΙΠ
148 3323 204 3385 PB,
223 3334 247 3372 0.
263 3323 296 3371 25
315 3317 391 3371 VIIII
404 3324 464 3386 ης
483 3319 606 3374 dedemus
624 3317 662 3371 HI
680 3324 705 3373 et
722 3316 774 3370 VH
792 3333 825 3372 ex
838 3322 885 3369 AB
904 3317 956 3371 ΠΠ
974 3324 999 3373 et
1016 3316 1067 3371 VH
1080 3326 1102 3371 D

96 3403 146 3441 om.
161 3394 182 3441 Ε
199 3391 203 3458 Ι
219 3389 372 3459 theneogar
390 3387 464 3442 idest
480 3389 538 3458 byy
551 3393 599 3442 ΑΒ
618 3390 747 3442 iesoeear.
763 3388 789 3442 b.
804 3406 831 3457 y.
846 3391 865 3442 t.
880 3394 928 3441 nr.
1001 3393 1035 3443 22
1053 3405 1104 3443 uer

96 3456 171 3512 idest
195 3475 279 3513 aenae
298 3464 345 3512 AB
378 3475 427 3513 uer
446 3476 508 3513 aera
521 3465 570 3512 nr.
643 3465 677 3514 24
696 3475 813 3514 aeoeoae
831 3460 895 3514 add.
910 3464 933 3511 Δ
952 3461 969 3513 ἐι
987 3462 1102 3516 atosoae

97 3530 159 3584 Μ’
181 3530 352 3583 0200001212
