2416 3840
144 165 210 230 252
581 164 718 221 FIRMIOI

145 312 244 378 fuerit
267 311 410 377 dominia
433 310 579 394 sortitus,
602 310 653 375 vel
676 311 710 374 in
733 307 851 374 finibus
870 309 938 375 suis
956 310 1010 375 vel
1028 310 1065 375 in
1084 311 1155 376 alti·

145 401 256 466 tudine
285 422 342 465 sua
364 401 416 465 vel
443 401 478 465 in
506 401 600 465 domo
626 398 762 463 Veneris
791 401 825 462 et
848 420 883 464 se
906 399 966 463 sub
991 399 1156 485 trigonica

145 489 326 554 radiatione
344 488 543 568 formaverit,
560 488 659 553 faciet
677 491 791 570 poetas
811 490 966 569 oratores,
985 487 1156 554 affluentia

93 578 137 644 25
147 578 233 664 grati
252 579 409 643 sermonis
430 581 572 642 ornatos.
608 575 647 640 ln
666 575 776 640 Lunae
795 596 871 641 vero
890 576 987 641 domo
1007 576 1036 641 si
1055 576 1155 642 fuerit

145 668 304 750 inventus,
319 665 417 732 faciet
430 665 595 749 facundos,
609 665 665 730 sed
680 685 817 749 quorum
837 686 943 730 sermo
958 664 1028 730 sine
1048 665 1155 751 gratis
1175 689 1186 732 a

146 755 338 840 proferatur.
384 753 420 819 Si
447 776 523 820 vero
552 755 587 818 in
611 752 743 818 Saturni
771 754 866 818 domo
893 753 945 818 vel
971 754 1007 817 in
1033 754 1155 820 finibus

146 845 215 909 eius
243 843 343 909 fuerit
369 844 520 908 inventus
549 845 582 907 et
608 842 756 926 luppiter
779 863 854 907 eum
877 846 911 906 et
933 840 1046 907 Venus
1069 844 1156 909 bona

146 931 326 997 radiatione
349 931 527 1015 respiciant
549 935 583 995 et
607 933 663 995 aut
686 931 756 1013 ipse
781 931 825 994 sit
847 931 882 994 in
900 931 1071 1016 geniturae
1091 953 1156 998 car·

147 1020 276 1085 dinibus
300 1024 356 1084 aut
374 1020 521 1104 Iuppiter
540 1019 681 1104 aliquem
700 1017 868 1104 geniturae
887 1020 1070 1104 possederit
1088 1040 1156 1086 car·

147 1109 255 1173 dinem
278 1108 329 1173 vel
357 1109 392 1172 in
419 1108 518 1173 tertio
547 1110 587 1173 ab
615 1109 796 1192 horoscopo
824 1107 897 1173 loco
920 1108 1034 1191 fuerit,
1057 1108 1187 1175 facieta

148 1196 343 1280 quibusdam
361 1196 575 1282 religionibus
595 1197 721 1261 deditos
736 1201 769 1260 et
787 1200 985 1262 secretarum
1000 1219 1040 1262 ac
1054 1197 1157 1284 magi-

148 1307 260 1351 carum
284 1286 404 1349 artium
423 1285 571 1370 scientes,
594 1285 842 1350 mathematicos
861 1285 1049 1370 astrologos
1063 1286 1157 1352 haru-

149 1374 253 1458 spices
277 1377 310 1439 et
334 1374 418 1458 [qui]
443 1374 588 1438 omnium
610 1375 807 1459 religionum
825 1377 859 1438 et
878 1374 959 1440 caeli
980 1374 1086 1458 ipsius
1111 1396 1157 1440 se

149 1467 238 1528 creta
266 1467 456 1546 quaerentes
486 1468 518 1527 et
547 1462 664 1548 quibus
692 1463 894 1547 legationum
917 1462 1091 1528 credantur
1114 1462 1158 1529 oi·

148 1550 231 1635 ficia,
254 1554 401 1616 amantes
424 1551 542 1616 fratres
567 1555 600 1616 et
624 1552 680 1635 qui
703 1552 836 1636 cupiant
855 1551 976 1616 adfines
996 1573 1074 1617 suos
1092 1552 1188 1618 fidon

148 1639 397 1705 necessitudinis
421 1640 542 1704 auxilio
565 1644 737 1725 protegere
762 1643 795 1704 et
819 1639 875 1724 qui
897 1640 969 1704 iura
992 1639 1157 1707 amicitiae

149 1729 322 1793 artissimis
345 1729 483 1794 vinculis
507 1728 705 1813 astringant,
731 1727 835 1793 iustos
862 1727 1035 1814 religiosos
1060 1733 1094 1795 et
1117 1730 1157 1795 ab

150 1817 238 1881 omni
265 1816 463 1902 profusionis
491 1818 563 1882 labe
593 1818 754 1902 sepositos
782 1816 895 1900 etqui
918 1816 1005 1881 firmi
1028 1818 1158 1884 consilii

96 1906 274 1971 adratione
299 1909 415 1972 cuncta
432 1906 611 1989 perficiant.
654 1905 689 1971 Si
707 1928 783 1971 vero
798 1905 887 1971 Mars
907 1928 940 1970 se
959 1906 991 1970 ei
1009 1908 1159 1990 qualibet

149 1989 362 2079 applicaverit
384 1995 509 2058 ratione
532 1994 584 2060 vel
603 1994 631 2059 si
650 2016 723 2058 eum
742 1995 780 2059 de
800 1995 959 2078 quadrato
979 1996 1192 2080 respexeritis

148 2087 181 2147 et
205 2084 249 2149 sit
271 2082 451 2149 Mercurius
478 2084 513 2147 in
535 2084 634 2148 tertio
658 2083 825 2168 geniturae
852 2082 925 2148 loco
948 2083 984 2148 in
1005 2083 1158 2150 humanis

148 2172 200 2236 vel
223 2172 389 2237 vocalibus
418 2172 521 2257 signis
544 2171 632 2236 lovis
656 2171 853 2259 testimoniis
881 2172 1059 2239 adornatus
1081 2173 1159 2240 Iove

148 2261 183 2323 in
209 2260 393 2344 horoscopo
416 2262 466 2324 vel
494 2261 530 2325 in
552 2259 622 2326 Mo.
645 2261 808 2345 partiliter
835 2261 1030 2345 constituto,
1059 2261 1159 2329 faciet

149 2348 324 2414 advocatos
348 2353 508 2430 oratores,
536 2371 674 2433 quorum
696 2349 864 2434 ingenium
886 2349 1009 2414 invicta
1031 2349 1159 2437 fulgeat

149 2435 281 2499 licentia
308 2438 497 2519 potestatis,
525 2442 559 2501 et
582 2438 689 2502 omnia
716 2459 789 2501 eum
817 2436 898 2503 facit
919 2437 1062 2522 propriis
1084 2439 1193 2505 viri-a

96 2525 211 2592 2lbus
235 2524 391 2607 optinere.
438 2524 473 2590 Si
495 2547 572 2590 vero
593 2525 751 2590 Saturnus
774 2527 874 2590 istam
892 2526 1160 2595 commixtionem

149 2613 183 2677 in
207 2613 378 2697 oportunis
402 2614 570 2698 geniturae
593 2614 674 2678 locis
693 2614 820 2697 positus
839 2615 874 2679 in
892 2619 1054 2680 nocturna
1071 2617 1160 2703 geni·

149 2706 224 2766 tura
252 2702 443 2786 respexerit,
476 2700 575 2766 faciet
602 2702 736 2766 insidias
763 2702 908 2786 pericula
935 2706 1159 2771 accusationes

149 2790 337 2856 discrimina
377 2794 410 2854 et
450 2790 617 2874 popularis
662 2791 800 2856 invidiae
842 2792 964 2856 crimen
1004 2793 1159 2860 adnectit

149 2878 271 2955 Quodsi
296 2878 342 2944 sic
366 2877 506 2944 Saturno
534 2880 725 2964 respiciente
749 2880 837 2944 Mars
860 2880 894 2945 in
918 2902 1034 2945 occasu
1057 2882 1194 2949 fueritne

239 3088 420 3143 ldominal’
484 3095 549 3143 2se
562 3090 590 3160 a]
610 3089 633 3142 si
652 3107 691 3143 cu
709 3091 738 3143 et
756 3106 784 3143 se
802 3089 874 3144 Iovis
888 3092 908 3144 t.
923 3108 944 3144 r.
960 3090 1160 3146 adornaverit?

150 3167 166 3214 3
186 3160 355 3214 afluentialt
418 3167 435 3213 4
454 3159 577 3224 dominio
590 3166 617 3213 Μ
641 3160 822 3230 dominon,
841 3178 909 3215 corr.
924 3160 954 3215 A'
1033 3167 1050 3215 b
1069 3178 1161 3217 sermo

150 3231 210 3285 sine
225 3233 252 3303 a]
267 3247 392 3286 sermone
442 3237 540 3285 teum
555 3231 629 3302 Saul]
645 3249 707 3285 cum
721 3248 753 3286 eo
803 3231 877 3286 asie
894 3249 944 3287 om.
958 3237 985 3284 Μ
1037 3239 1070 3286 11
1089 3233 1161 3287 mai·

150 3309 275 3357 aarum?
312 3308 345 3355 12
359 3301 528 3373 magestioos
541 3303 790 3357 mathematicoslt
834 3308 867 3356 13
881 3305 932 3358 del.
947 3303 1011 3358 sauz
1049 3309 1083 3359 18
1118 3321 1162 3359 ro·

149 3373 268 3441 fusione,
287 3389 354 3428 corr.
370 3372 399 3426 A‘
474 3378 506 3426 19
525 3373 653 3443 perficiat
670 3379 738 3426 MR*
810 3379 842 3427 21
863 3373 948 3427 siPR
964 3382 968 3439 Ι
987 3374 1108 3429 hamam
1128 3394 1162 3431 us

151 3450 184 3497 22
197 3444 312 3498 finibus
329 3444 474 3500 uocalibus
493 3450 520 3497 Μ
592 3450 625 3497 26
644 3447 799 3514 potestates
817 3447 906 3527 Μ’]
922 3444 991 3498 uiris
1008 3450 1080 3499 112⁸

152 3520 185 3568 26
204 3514 260 3568 ista
279 3514 482 3584 commixtione,
502 3531 569 3570 cerr.
585 3515 614 3569 A'
688 3521 720 3569 29
740 3515 857 3589 crimen]
877 3516 1026 3571 drsorimen
1044 3533 1062 3570 σ
