2416 3840
102 157 166 222 168
437 166 439 171 ’
538 154 676 209 FIRMICI

102 302 304 387 captivitatis
337 323 434 367 causa
470 299 656 366 servituros.
712 298 746 365 si
778 321 855 364 vero
886 299 922 365 in
953 298 1113 365 feminino

102 393 211 477 signo,
242 392 277 456 in
303 390 484 473 horoscopo
514 389 651 473 scilicet,
685 387 844 454 Saturnus
872 391 905 453 et
930 387 1115 454 Mercurius

101 481 265 565 partiliter
287 479 321 543 in
343 484 503 543 nocturna
522 478 673 564 genitura
690 477 813 543 fuerint
832 477 967 561 inventi,
990 476 1116 543 sacient

103 570 266 634 eunuchos
290 569 342 632 vel
364 568 451 632 viros
476 568 544 632 sinc
569 567 691 632 semine
714 571 747 631 et
770 567 827 650 qui
850 566 937 631 coire
954 586 1022 630 non
1039 588 1115 651 pos·

102 659 177 742 sint,
200 662 311 740 turpes
335 656 471 721 infames
495 656 628 739 inpuros
652 656 821 740 inpudicos
844 655 1004 719 cinaedos.
1139 681 1153 722 s

70 750 92 812 2
191 746 228 811 ln
260 746 399 810 secundo
431 746 504 810 loco
537 746 578 808 ab
609 745 792 828 horoscopo
822 743 1004 809 Mercurius
1036 765 1114 808 cum

103 834 242 900 Saturno
265 835 390 918 pariter
417 833 615 899 constitutus
639 834 673 897 in
702 833 817 898 diurna
839 833 990 918 geniture
1013 831 1115 899 saciet

31 999 36 1010 ι
101 923 270 990 herbarios
289 923 430 987 medicos
451 926 484 987 et
501 944 560 1006 per
578 944 659 1006 quos
677 921 865 987 hominibus
884 921 1009 987 sanitas
1023 943 1115 987 eom-

101 1018 244 1096 paratur,
268 1011 324 1075 sed
347 1011 464 1075 divites
487 1011 586 1074 etiam
610 1015 644 1075 et
666 1010 811 1076 famosos
833 1010 868 1074 in
889 1010 1015 1075 actibus
1035 1009 1114 1077 suis.

101 1101 209 1166 Erunt
232 1105 342 1164 autem
365 1121 423 1182 pro
452 1099 610 1182 qualitate
639 1099 807 1185 signorum
829 1099 1016 1183 frequenter
1043 1121 1114 1164 ora·
1128 1125 1154 1165 1c

103 1194 190 1254 tores
215 1194 271 1253 aut
295 1189 565 1272 (procuratores)
587 1189 771 1272 potentium
790 1188 942 1252 virorum.
981 1186 1017 1252 Si
1035 1210 1114 1253 vero

101 1301 161 1361 per
191 1282 321 1342 noctem
353 1277 387 1341 in
422 1277 485 1342 hoc
516 1277 589 1342 loco
621 1275 743 1341 fuerint
775 1276 912 1360 inuenti,
948 1274 1116 1361 (sacient)

102 1368 267 1432 mendicos
294 1366 398 1430 nudos
425 1367 557 1430 insanos
586 1371 643 1430 aut
670 1366 866 1449 templorum
896 1387 1020 1449 servos3
1052 1364 1115 1431 fre-

103 1460 239 1540 quenter
262 1455 362 1519 etiam
380 1454 501 1520 facient
521 1455 666 1520 accusari
684 1460 717 1520 et
732 1456 766 1520 in
781 1454 929 1520 custodia
948 1453 1116 1538 constitui,

102 1545 258 1630 lugubres
288 1547 398 1608 tamen
429 1566 556 1628 semper
583 1548 616 1608 et
644 1544 713 1610 sine
740 1544 819 1607 filiis
847 1548 881 1607 et
908 1543 1019 1626 aliqua
1046 1564 1151 1609 cor-u

102 1634 192 1717 poris
220 1637 312 1717 parte
341 1632 463 1696 debiles
491 1638 548 1696 aut
577 1632 771 1716 quibusdam
800 1631 891 1696 vitiis
918 1630 1116 1715 implicatos.

72 1723 94 1787 3
192 1721 232 1785 In
254 1721 354 1785 tertio
381 1722 454 1786 loco
484 1721 525 1785 ab
548 1721 730 1804 horoscopo
754 1720 933 1786 Mercurius
957 1741 1031 1785 cum
1056 1719 1116 1785 Sc-

103 1816 201 1875 turno
224 1810 388 1894 partiliter
416 1810 613 1874 constitutus
642 1810 826 1875 urinatores
849 1831 950 1893 aquas
975 1831 1014 1875 ex
1037 1809 1116 1874 altis

102 1901 209 1984 puteis
232 1900 387 1983 levantes,
414 1899 621 1983 hortulanus,
650 1904 777 1964 actores
800 1898 1001 1963 modicarum
1023 1898 1118 1963 villu·

103 2012 184 2072 rum,
209 1993 266 2053 aut
288 1987 500 2071 pollinctores
524 1992 558 2052 et
579 1987 760 2052 funerarios
784 1990 841 2052 aut
860 1988 1011 2053 custodes
1030 2009 1116 2053 mor·
1129 2013 1154 2054 a

104 2083 236 2142 tuorum
261 2078 451 2142 cadaverum
475 2081 532 2140 aut
556 2077 802 2160 sepulchrorum
827 2076 925 2143 faciet
947 2075 1116 2142 ianitores.

71 2167 94 2229 4
192 2166 233 2231 ln
256 2170 373 2250 quarto
396 2165 468 2230 loco
492 2166 533 2230 ab
556 2165 738 2248 horoscopo
760 2165 846 2229 idest
868 2165 904 2229 in
925 2162 1012 2229 IMO.
1031 2163 1118 2231 Mer·

104 2254 212 2320 curius
243 2277 317 2318 cum
347 2253 486 2319 Saturno
517 2255 681 2337 partiliter
713 2254 912 2318 constitutus
941 2252 1042 2318 faciet
1068 2254 1117 2318 in·

105 2343 269 2406 licitarum
300 2344 401 2426 <aut>
431 2344 663 2406 absconsarum
695 2342 817 2407 artium
846 2342 1023 2427 magistros
1057 2347 1117 2408 aut

105 2451 217 2496 eorum
241 2431 401 2514 conscios,
430 2431 485 2494 sed
514 2431 617 2495 malos
646 2435 679 2495 et
707 2431 763 2515 qui
791 2430 987 2495 cotidianam
1011 2430 1155 2498 vitamus

105 2542 145 2584 ex
168 2519 262 2582 malis
287 2519 413 2582 artibus
437 2524 603 2602 quaerant.
651 2518 713 2584 Sed
737 2520 868 2603 quidam
891 2519 938 2584 sic
956 2519 1118 2585 habentes

104 2608 303 2673 Mercurium
336 2629 409 2671 eum
438 2607 579 2672 Saturno
610 2613 667 2672 aut
694 2609 729 2672 in
758 2608 906 2674 custodia
935 2612 1031 2673 erunt
1059 2613 1119 2674 aut

105 2695 215 2779 aliqua
238 2696 364 2760 ratione
389 2697 595 2780 damnantur3
619 2696 675 2761 sed
695 2719 808 2762 omnes
826 2701 918 2762 aetus
937 2697 1119 2762 secundum

104 2791 257 2850 naturam
281 2785 538 2869 qualitatemque
566 2785 734 2872 signorum
761 2791 794 2851 et
818 2786 993 2852 secundum
1016 2785 1119 2852 ratio-

104 2898 179 2939 nem
203 2880 382 2940 ceterarum
406 2874 574 2939 stellarum
598 2875 772 2939 variantur.
1129 2902 1156 2943 sc

72 2962 94 3027 5
192 2964 231 3028 In
260 2964 375 3048 quinto
403 2963 475 3029 loeo
503 2965 544 3029 ab
570 2965 753 3048 horoscopo
782 2962 942 3029 Saturnus
970 2967 1004 3028 et
1032 2962 1118 3028 Mer·

105 3053 213 3118 curius
236 3054 359 3136 pariter
383 3052 556 3118 constituti
578 3053 699 3118 facient
722 3075 787 3136 eos,
811 3052 866 3136 qui
890 3053 937 3117 sic
959 3051 1031 3116 nati
1048 3051 1118 3118 fue·

174 3228 351 3282 leunochos
369 3234 408 3280 13³
423 3229 427 3297 Ι
443 3230 560 3297 possunt
577 3234 605 3281 11
660 3225 835 3296 tpartiliter
848 3224 878 3278 A‘
898 3233 924 3281 ct
940 3227 980 3283 sic
994 3227 1119 3295 ples-urm

104 3315 169 3367 quoq
188 3301 219 3352 in
237 3300 302 3353 solis
320 3300 481 3354 cardinibus
499 3301 556 3352 diei
573 3301 638 3354 solet
667 3302 671 3369 Ι
701 3297 835 3351 diuturna
852 3302 880 3349 11
962 3303 995 3351 11
1014 3298 1079 3352 add.
1099 3316 1119 3353 ι

105 3375 138 3421 12
153 3368 258 3424 add]
320 3376 353 3423 14
372 3369 538 3436 custodiam,
553 3387 648 3424 coras
664 3373 668 3439 Ι
685 3367 832 3423 constituti
845 3373 924 3421 11³1
983 3373 1119 3423 22mc1

105 3442 310 3495 assutaque
364 3448 396 3495 25
411 3440 587 3513 mulosSittl]
600 3441 707 3495 malum
723 3442 727 3510 l
743 3438 967 3493 cottidianamlt
1015 3445 1052 3495 21
1064 3440 1119 3495 bu-

104 3510 203 3564 bentes
218 3516 239 3562 1>
293 3517 327 3564 29
345 3513 409 3578 fort.
428 3510 616 3566 radiationem
671 3517 705 3565 30
723 3509 868 3565 variantur
885 3511 914 3582 a]
932 3508 1119 3567 inueniuntur
