2416 3840
139 163 182 226 28
575 162 713 220 FIRMIOI

139 331 268 392 semper
287 307 377 391 Sylla
396 329 527 372 securus
546 330 583 373 ac
602 309 760 392 superbus
776 308 910 392 aspexit.
940 307 1025 384 Quid
1038 311 1149 391 potest

140 397 302 462 crudelius
325 396 419 461 fieri?
450 396 578 461 Liberis
604 401 637 461 εὴ
655 397 811 461 uxoribus
830 397 965 461 miseras
989 395 1149 462 orbitates

140 485 238 549 titulo
261 485 409 569 publicae
430 485 627 550 calamitatis
648 486 797 570 ingessit3
820 485 902 549 nihil
921 485 1048 569 pietati,
1065 485 1149 550 nihil

139 573 225 657 fidei,
247 573 329 637 nihil
352 573 547 657 fortitudini,
569 573 652 638 nihil
674 573 897 657 providentiae
917 573 1011 638 licuit
1035 578 1150 639 contra

88 662 129 726 35
141 661 274 745 Syllam.
320 660 386 727 Ubi
408 684 494 727 nune
519 667 609 748 sunt,
637 664 691 746 qui
715 666 848 746 peccata
869 666 984 726 nostra
1005 662 1151 727 humana
1176 689 1192 728 s

140 772 177 816 ac
200 751 308 815 divina
332 751 466 816 credunt
489 772 585 834 posse
608 750 679 836 lege
703 751 832 835 puniri?
873 750 958 815 Ecce
983 748 1074 836 Sylla
1097 773 1151 816 ne-

139 840 231 904 fariis
256 839 406 904 caedibus
430 840 583 925 pascitur,
607 861 680 905 ecce
703 840 874 924 tyrannico
898 844 1069 924 grassatur
1092 840 1151 904 im·

139 928 230 1012 perio
260 951 320 993 nec
344 928 539 1012 cupiditates
564 928 631 992 eius
654 932 800 1012 potestas
830 928 938 1011 aliqua
965 928 1151 994 divinitatis

140 1019 322 1101 impugnat.
364 1016 449 1092 Quid
478 1016 602 1081 sentis?
635 1016 711 1100 quid
739 1017 885 1082 iudicas?
919 1014 1039 1081 Refuta
1063 1019 1152 1101 quod

140 1105 291 1168 dicimus!
336 1104 478 1169 Ostende
511 1105 606 1170 nobis
639 1105 784 1170 ordinem
813 1107 935 1170 rerum!
973 1103 1039 1170 Ubi
1073 1110 1152 1171 sunt
1165 1133 1193 1173 lo

139 1193 238 1278 leges,
260 1193 318 1257 ubi
341 1193 482 1258 iudicia?
521 1193 673 1259 Humano
698 1198 730 1258 et
753 1193 862 1259 divino
886 1216 997 1258 sumus
1021 1216 1152 1279 semper

139 1281 291 1346 destituti
310 1282 439 1366 iudicio,
458 1282 534 1365 quia
553 1282 661 1347 omnia
678 1283 767 1367 haec,
787 1304 869 1366 quae
888 1283 1038 1368 diximus,
1058 1281 1152 1368 Sylla

140 1371 304 1435 commisit
336 1371 476 1454 impune.
525 1371 617 1456 Ergo
649 1371 794 1436 facinora
826 1371 908 1455 eius,
941 1393 1014 1436 cum
1046 1372 1151 1438 tantis

139 1459 291 1524 caedibus
315 1463 533 1544 pascerentur,
556 1460 646 1524 nulla
668 1460 836 1524 ultricium
863 1460 997 1524 deorum
1019 1460 1152 1546 flagella

139 1547 324 1633 castigant?
342 1597 437 1611 .....
457 1549 594 1632 imperia
619 1571 679 1613 nec
703 1553 767 1632 est,
796 1549 851 1632 qui
879 1549 1024 1614 dolorem
1053 1571 1150 1614 suum
1165 1575 1191 1615 ιε

138 1638 245 1700 verbis
269 1659 306 1701 ac
328 1635 471 1700 lacrimis
490 1636 629 1719 prodat?
666 1638 835 1702 Defunctis
854 1659 912 1720 per
934 1636 1028 1701 illum
1047 1639 1150 1703 etiam

86 1746 309 1877 stethu
333 1725 425 1877 itt?
451 1725 873 1898 1111111111ἕὲΙῖἓὲ
900 1725 1150 1900 lltfltttt

139 1901 201 1966 diis
224 1901 396 1966 ultricibus
418 1903 576 1987 nuntiari3
605 1902 714 1967 omnia
736 1903 826 1987 haec,
849 1904 933 1967 sicut
956 1902 1062 1986 vides,
1092 1905 1151 1969 im·

138 2013 223 2073 pune
240 1994 334 2076 gesta
349 1995 434 2074 sunt,
453 1995 487 2055 et
505 1992 583 2056 fecit
602 1993 640 2055 de
659 1991 711 2055 his
731 1991 880 2054 omnibus
895 1990 1042 2056 Fortuna
1060 1994 1150 2078 quod
1164 2019 1188 2059 a

138 2080 251 2165 voluit,
276 2084 308 2144 et
331 2080 485 2164 quicquid
509 2080 646 2164 singulis
665 2079 734 2143 fata
754 2080 970 2164 decreverant,
995 2077 1150 2166 Syllanae

138 2166 279 2232 feritatis
301 2169 590 2232 animadversione
623 2168 786 2250 completa
818 2172 902 2232 sunt.
947 2166 995 2233 Ut
1021 2175 1056 2233 et
1085 2169 1150 2236 hoc

100 2260 103 2267 '
140 2255 222 2319 scias
247 2278 322 2320 vera
344 2278 404 2321 nos
424 2258 550 2320 ratione
570 2256 717 2338 edixisse,
738 2255 846 2341 ipsum
864 2260 940 2340 post
962 2257 1042 2323 haec
1062 2260 1151 2324 mala

138 2365 274 2427 prosper
297 2344 493 2426 sequebatur
516 2349 659 2408 eventus.
694 2344 873 2429 Perpetuae
897 2346 1078 2410 dictaturae
1097 2369 1148 2412 cu·

138 2432 282 2496 mulatur
300 2430 483 2516 insignibus
499 2436 532 2495 et
544 2433 676 2517 proprio
697 2435 834 2499 arbitrio
850 2434 983 2518 deponit
997 2435 1149 2521 imperia,
1163 2461 1188 2502 ss

138 2521 299 2584 laceratae
322 2520 519 2604 reipublicae
544 2526 634 2585 artus
653 2526 686 2586 et
704 2527 855 2587 cruentae
877 2523 1032 2606 pecuniae
1055 2523 1150 2590 iussu

139 2608 207 2673 eius
232 2609 272 2672 ad
302 2607 536 2693 ignobiliorum
564 2610 734 2675 hominum
762 2611 892 2675 divitias
922 2611 1149 2698 conferuntur3

138 2701 215 2781 post
232 2697 313 2762 haec
333 2699 419 2762 mala
438 2698 548 2783 quieta
568 2699 742 2764 securitate
761 2700 882 2763 fruitur
896 2703 929 2763 et
947 2701 1151 2768 abundantia

139 2786 297 2851 scelerum
322 2787 490 2872 saginatus
515 2789 644 2854 decreto
669 2789 861 2872 amplissimi
885 2793 1017 2854 senatus
1041 2794 1075 2854 et
1093 2814 1151 2875 po·

114 3018 118 3023 ’
226 3013 328 3068 lsilla
352 3020 373 3074 Q
400 3017 481 3085 (idem
504 3021 528 3070 5.
553 3021 636 3070 6.12.
660 3017 704 3084 21)
795 3015 1009 3085 3publicatac,
1036 3032 1107 3072 corr.
1132 3039 1150 3072 a

138 3084 351 3145 ltirannicod
380 3087 384 3156 Ι
419 3088 596 3140 crassatur?
686 3085 895 3155 8cupiditatis‚
913 3104 981 3142 corr.
1000 3104 1019 3139 v
1043 3089 1048 3158 Ι
1074 3086 1150 3142 diui-

136 3156 211 3210 nitas
230 3162 257 3209 1
275 3160 345 3227 (cum
363 3175 417 3211 ras.
433 3164 497 3225 post
514 3160 543 3226 n)
562 3164 587 3211 et
605 3163 624 3209 P
644 3156 795 3210 diuinitate
814 3163 843 3225 Q,
862 3174 929 3211 corr.
950 3156 979 3210 A'
1001 3157 1150 3238 (divinitus

141 3228 251 3298 Usener)
324 3228 574 3297 sinpugnaruro
647 3233 679 3280 12
698 3227 816 3281 dicimus
836 3233 871 3289 Q*
948 3234 981 3282 13
1000 3236 1150 3298 mpunetl

136 3300 218 3367 (idem
237 3304 280 3368 19)
371 3305 405 3353 14
422 3301 584 3369 pasceretur
601 3304 624 3351 Δ
653 3301 657 3369 l
683 3299 798 3351 dearum
815 3306 838 3353 Δ
859 3301 893 3366 cf.
914 3306 947 3353 19
1038 3305 1071 3354 15
1096 3303 1148 3357 lae.

135 3372 233 3424 statuit
255 3371 355 3425 Usener
428 3375 460 3423 16
479 3368 581 3438 probat
600 3374 635 3428 Q*
707 3377 739 3424 17
760 3387 922 3439 suppremus
941 3376 988 3423 ΗΡ
1013 3372 1017 3439 Ι
1042 3371 1094 3426 del.
1114 3390 1150 3426 κσ

138 3444 171 3493 18
190 3440 293 3509 dicitis,
312 3459 378 3495 corr.
398 3439 428 3493 A‘
494 3445 527 3492 19
546 3440 684 3494 ultoribus
703 3446 724 3500 Q
749 3442 753 3511 Ι
777 3441 907 3495 nuntiare
925 3448 960 3494 pa
1025 3448 1059 3496 20
1078 3442 1150 3497 fecit

135 3511 186 3564 del.
216 3511 315 3565 Usener
397 3517 431 3564 23
459 3510 561 3564 dixisse
580 3516 615 3563 1²⁸
699 3518 733 3565 24
760 3512 994 3581 persequebatur,
1021 3530 1091 3568 corr.
1115 3513 1147 3568 A‘
