2416 3840
514 171 553 225 ΠΙ
566 178 592 240 6,
604 188 689 229 4—10.
1043 175 1107 239 145

97 318 204 381 tiones
237 317 288 380 vel
316 317 464 400 publicas
495 317 547 380 rel
574 317 720 398 privatas
746 319 906 402 proscribi
934 317 1022 384 facit
1069 318 1104 384 Si
1136 321 1158 384 9

97 428 175 470 vero
199 427 256 488 per
278 411 408 469 noctem
431 406 466 469 in
487 405 550 470 hoc
572 404 645 469 loco
668 405 768 469 fuerit
788 407 927 490 inventa,
951 430 1105 492 processu

99 494 216 558 aetatis
239 495 376 572 tlaudes
399 494 510 575 faciet,
537 515 731 579 magnorum
757 496 902 560 virorum
924 497 1046 562 amicos
1073 502 1106 561 et

98 583 212 667 plenos
236 586 344 667 gratia
366 586 400 647 et
423 582 587 663 decentes,
609 583 834 647 injuventute
856 606 943 670 vero,
965 585 1050 650 idest
1071 587 1107 650 in

71 673 204 756 aprima
227 677 348 753 aetate,
374 671 532 735 honestos
555 671 685 755 quidem
708 672 883 755 atquibus
907 673 990 737 nihil
1013 675 1107 758 desit,

100 760 156 825 sed
182 761 265 824 vitio
298 760 439 843 quodam
466 760 585 824 mentis
616 761 802 844 implicatos
835 763 1008 827 secundum
1035 786 1109 847 pro

99 850 205 933 priam
228 849 314 934 signi
337 853 488 912 naturam
515 853 612 931 atque
638 848 865 914 substantiam.
910 850 950 915 ln
972 853 1107 935 tropicis

100 937 186 1002 enim
219 938 322 1023 signis
355 937 534 1000 constituta
566 940 624 1000 aut
654 938 690 1001 in
717 938 901 1022 duplicibus
930 941 1107 1005 viduitatcs

101 1027 245 1091 decernit
276 1031 310 1089 et
341 1026 459 1089 damna
490 1029 524 1089 et
555 1048 669 1090 causas
701 1032 835 1110 propter
866 1029 1017 1093 mulieres
1050 1035 1107 1094 aut

61 1116 164 1198 1o<a>
187 1115 377 1178 mulieribus
400 1115 572 1198 excitatas,
598 1116 633 1179 in
661 1115 773 1180 solidis
796 1115 899 1202 signis
928 1119 1108 1183 constituta

101 1204 280 1288 morigeras
304 1203 447 1267 decernit
469 1225 585 1267 uxores
608 1208 643 1267 et
665 1205 721 1288 qui
745 1204 785 1268 ab
804 1205 856 1270 bis
879 1207 1016 1272 maxime
1038 1208 1109 1271 dili-

100 1296 221 1378 gantur
247 1296 280 1356 et
308 1292 425 1376 quibus
455 1292 560 1376 gloria
586 1296 620 1356 et
645 1293 844 1376 patrimonia
871 1317 891 1358 a
918 1295 1107 1360 mulieribus

100 1380 321 1464 conferantur,
350 1385 460 1444 amoto
489 1381 583 1466 signo
606 1380 759 1466 Aquarii,
784 1405 861 1447 nam
889 1383 916 1447 si
939 1383 1050 1449 Venus
1074 1384 1109 1448 in

100 1470 164 1534 hoc
187 1471 280 1555 signo
304 1468 404 1533 fuerit
426 1471 571 1552 inventa,
598 1470 633 1532 in
658 1475 774 1552 quarto
803 1472 927 1536 scilicet
951 1472 991 1535 ab
1014 1473 1108 1536 horo

63 1580 201 1643 ascopa
225 1559 306 1636 loco,
328 1562 362 1622 et
381 1557 474 1621 Luna
496 1564 553 1621 aut
576 1558 614 1621 de
635 1559 791 1640 quadrato
815 1564 872 1624 aut
893 1560 930 1624 de
950 1561 1108 1625 diametro

50 1696 54 1703 .
102 1669 173 1711 eam
200 1647 379 1731 respexerit
407 1646 457 1710 vel
486 1646 513 1710 si
541 1668 614 1710 cum
642 1647 714 1730 ipsa
741 1648 785 1711 sit
812 1648 983 1734 collocata,
1011 1648 1109 1714 faciet

102 1736 230 1800 steriles
264 1740 297 1799 et
329 1733 384 1818 qui
417 1734 502 1798 filios
535 1756 642 1799 creare
675 1757 740 1800 non
770 1737 897 1821 possint
929 1742 963 1802 et
990 1739 1045 1822 qui
1074 1760 1108 1802 se

102 1847 279 1908 numquam
302 1823 405 1888 velint
428 1823 652 1908 coniugalibus
674 1824 800 1909 [atque]
820 1826 989 1891 affectibus
1014 1849 1109 1910 copu-

102 1913 169 1978 lare
193 1918 226 1977 et
249 1913 306 1997 qui
328 1934 503 1996 puerorum
527 1934 654 1996 semper
677 1913 766 1978 coitu
790 1916 959 1999 gaudeant.

62 2028 88 2068 ao
190 2001 229 2065 In
258 2001 372 2085 quinto
400 2001 472 2065 loco
501 1999 611 2065 Venus
645 2001 685 2064 ab
715 2001 896 2087 horoscopo
929 2004 1108 2068 constituta
1120 2003 1162 2069 10

101 2090 200 2156 faciet
218 2092 321 2155 bonos
341 2090 499 2174 benignos
519 2094 551 2153 et
570 2090 678 2174 (qui),
698 2089 850 2175 quicquid
869 2093 992 2172 volunt,
1013 2093 1107 2157 facile

101 2179 284 2263 impetrent.
330 2177 445 2243 Faciet
472 2178 571 2242 etiam
600 2179 747 2243 coronari
776 2179 887 2244 infulis
911 2184 944 2244 et
968 2182 1108 2264 coronis3

103 2269 130 2332 si
154 2268 301 2352 Iuppiter
324 2288 395 2331 eam
418 2267 528 2350 aliqua
550 2267 731 2332 radiatione
754 2269 941 2354 respexerit,
965 2268 1108 2335 famosos

103 2357 151 2420 vel
173 2357 313 2441 quodam
332 2354 454 2421 honore
472 2355 673 2420 nobilitatos.
711 2354 745 2421 Si
764 2379 840 2422 vero
862 2380 935 2423 cum
954 2380 992 2423 ea
1009 2358 1109 2424 fuerit

62 2470 89 2511 aa
103 2444 283 2511 Mercurius
298 2437 484 2527 collocatus,
500 2449 675 2530 augmenta
688 2446 773 2510 vitae
787 2447 864 2531 <et>
877 2449 1109 2532 promotiones,

103 2535 158 2598 sed
187 2556 260 2600 cum
288 2533 429 2597 maxima
455 2533 594 2618 largitur
621 2533 763 2600 infamia.
808 2535 920 2602 Faciet
943 2541 1052 2602 autem
1075 2536 1109 2601 in

104 2624 192 2687 omni
216 2623 445 2707 congressione
468 2622 608 2688 victores
633 2627 666 2688 et
690 2625 807 2708 quibus
831 2626 938 2710 gratia
961 2626 1109 2691 victoria-

103 2734 175 2775 rum
199 2711 343 2795 praemia
367 2711 581 2793 conferantur,
605 2712 640 2776 in
659 2714 808 2778 omnibus
828 2719 977 2799 potentes
1001 2719 1034 2778 et
1054 2714 1109 2798 qui

104 2822 232 2885 semper
254 2801 364 2864 futura
386 2805 611 2883 praenoscant,
632 2805 729 2866 notos
752 2803 940 2885 potentibus
964 2803 1051 2884 viris,
1077 2806 1110 2866 et

61 2916 89 2954 ao
104 2890 221 2973 quibus
255 2911 274 2951 a
301 2888 490 2953 mulieribus
518 2889 617 2972 <aut>
651 2890 691 2953 ab
724 2891 879 2955 uxoribus
912 2890 1127 2975 patrimonia,

192 3096 346 3151 3blandos
366 3098 518 3152 Mommsen
536 3097 655 3152 Mueller
737 3098 970 3153 'laubstantial’
1041 3102 1074 3150 10
1093 3114 1111 3151 a

104 3170 167 3224 adu.
184 3186 200 3223 σ
256 3173 287 3221 13
307 3175 344 3223 cst
357 3170 428 3223 enim
442 3165 602 3238 ὀλιγόγονος
616 3169 761 3225 Maximus
774 3176 839 3237 108,
848 3184 875 3221 22
888 3171 922 3223 L.
939 3171 973 3236 cf.
986 3168 1109 3223 Murretb.

103 3242 125 3294 I
141 3246 195 3295 106
263 3245 296 3292 14
315 3238 407 3363 signop
426 3239 487 3293 loco
505 3245 528 3291 v
597 3245 629 3293 15
648 3244 677 3295 ct
694 3241 766 3313 Μ’]
784 3241 813 3294 in
882 3246 914 3295 16
933 3239 1039 3296 facient
1056 3245 1110 3292 KV

106 3317 139 3365 18
158 3310 246 3364 velint
263 3311 338 3381 stul]
358 3326 392 3364 ue
421 3309 452 3363 in
468 3312 471 3380 Ι
488 3311 538 3365 del.
557 3330 574 3364 κ
592 3311 626 3378 os.
641 3312 746 3378 1V12‚
761 3326 778 3365 1.
800 3316 870 3377 lats
925 3318 956 3365 19
976 3309 1111 3380 cogitul’

105 3388 137 3435 21
158 3381 208 3452 qui
230 3382 293 3436 add.
319 3401 335 3433 a
426 3387 458 3434 22
482 3380 599 3450 facient,
623 3398 690 3438 corr.
710 3383 739 3435 A'
775 3384 778 3452 1
812 3381 908 3435 infulis
927 3382 970 3454 Ε]
995 3381 1024 3435 in
1046 3381 1110 3436 filiis

105 3457 139 3505 23
158 3453 266 3506 famosa
292 3470 360 3507 corr.
379 3471 397 3505 v
450 3458 484 3506 24
503 3451 669 3524 nobilitatis,
687 3471 754 3509 corr.
770 3453 834 3509 Sittl
889 3459 923 3507 25
943 3457 972 3509 et
990 3454 1053 3509 add.
1072 3475 1088 3508 κ
1105 3453 1113 3526 γ,

104 3495 287 3593 promotionis
305 3523 394 3593 (ioris
412 3522 507 3594 ΡΨ),
527 3540 594 3579 corr.
614 3529 637 3576 Δ
708 3531 742 3578 30
761 3527 811 3579 aut
829 3526 892 3581 add.
912 3524 941 3579 A'

161 3623 289 3675 Francus,
303 3623 337 3664 ed.
352 3623 436 3664 Kroll
450 3626 473 3665 et
487 3623 618 3666 Skutsch
919 3621 952 3671 10
