2416 3840
115 173 178 238 116
544 169 684 226 FIRMICI

114 341 166 384 res
194 322 318 401 autem,
347 315 402 400 qui
429 317 476 382 sic
503 315 644 380 Martem
671 316 836 400 habuerit,
863 315 1062 380 desiderabit
1092 319 1127 381 et

115 406 265 473 omnibus
290 406 448 471 invidebit
476 411 509 471 et
537 405 673 470 habebit
700 405 834 469 maximi
857 404 1024 469 cuiusdam
1047 405 1128 469 faci-

115 496 204 561 noris
233 496 352 560 malam
381 495 621 560 conscientiam.
667 491 788 569 Quodsi
817 493 864 558 sic
891 493 997 558 Marte
1026 493 1127 558 collo

116 588 190 650 cato
222 584 256 648 in
283 583 339 648 XI.
368 584 535 668 geniturae
567 583 639 648 loco
667 582 814 666 Iuppiter
845 581 944 647 fuerit
972 583 1127 647 inventus

116 673 167 738 vel
190 673 225 736 in
242 671 326 756 VII,
349 671 433 737 idest
458 694 583 755 occasu,
605 671 693 752 facit,
716 675 753 735 ut
775 671 811 735 in
830 670 970 755 publicis
990 671 1129 735 admini-
1155 697 1168 737 5

118 761 332 827 strationibus
357 761 554 827 constitutus
579 782 652 825 cum
676 780 794 845 magno
816 760 928 824 labore
951 781 1130 844 consequa-

88 853 185 934 8tur,
218 851 274 916 sed
302 849 459 914 maximas
488 848 677 933 patrimonii
703 848 886 914 facultates.
933 846 986 914 Sic
1016 852 1130 914 autem

118 939 246 1024 positus
273 939 308 1003 in
335 939 433 1002 tertio
462 939 502 1002 ab
531 938 712 1020 horoscopo
739 938 810 1001 loco
844 937 872 1001 si
904 937 951 1003 sic
984 959 1018 1001 se
1046 937 1134 1023 Iovi,

120 1029 205 1092 sicut
233 1026 373 1091 diximus
401 1030 489 1109 ante,
520 1025 735 1108 coniunxerit,
766 1027 923 1091 maximae
951 1026 1129 1110 potestatis

121 1119 217 1200 atque
244 1115 377 1180 honoris
405 1115 551 1201 regimen
583 1137 620 1180 ac
652 1115 795 1179 dominia
825 1115 979 1201 largitur,
1010 1115 1059 1179 ita
1091 1119 1171 1180 ut1o

122 1226 242 1287 omnes,
266 1204 323 1288 qui
341 1204 371 1268 ei
389 1225 505 1289 genere
524 1204 713 1288 iunguntur,
733 1203 868 1282 honoris
891 1203 994 1288 ipsius
1012 1203 1132 1268 nobili·

122 1295 191 1358 tate
215 1296 416 1377 superentur.
461 1290 548 1356 Nam
576 1293 603 1356 si
626 1292 661 1355 in
682 1292 745 1357 hoc
768 1292 840 1357 loco
869 1292 1069 1358 constitutus
1095 1291 1133 1357 in

123 1381 219 1446 domo
242 1381 341 1446 fuerit
364 1381 415 1445 vel
438 1381 473 1445 in
490 1381 640 1464 partibus
664 1381 731 1446 suis
754 1381 806 1445 vel
829 1382 863 1445 in
881 1381 1055 1446 domiciliis
1079 1382 1132 1446 vel

123 1471 159 1535 in
176 1471 348 1535 altitudine
369 1492 427 1534 sua
446 1474 479 1534 et
497 1469 645 1553 luppiter
664 1470 710 1535 sic
729 1470 768 1554 ei,
787 1470 872 1535 sicut
891 1469 1030 1534 diximus
1047 1474 1134 1556 ante,

124 1559 289 1644 iungatur,
302 1559 401 1624 faciet
415 1558 579 1643 praesides
594 1559 748 1643 riparum,
757 1559 863 1644 duceS,
876 1559 1024 1643 vicarios,
1038 1581 1132 1642 prae·
1147 1583 1171 1623 15

126 1648 228 1713 lectos
247 1647 403 1732 praetorii
427 1652 459 1712 et
483 1648 600 1730 quibus
618 1647 805 1731 frequenter
824 1648 1053 1713 committatur
1074 1648 1135 1712 im-

127 1759 262 1822 perium.

98 1827 117 1890 9
217 1825 256 1890 In
279 1829 395 1909 quarto
418 1825 490 1890 loco
510 1825 597 1889 Mars
622 1826 663 1890 ab
681 1826 863 1909 horoscopo
886 1825 970 1890 idest
992 1825 1027 1888 in
1045 1821 1136 1890 IMO.

130 1913 246 2000 [Mars]
278 1914 441 1999 partiliter
474 1915 672 1978 constitutus
711 1914 738 1979 si
775 1936 833 1998 per
863 1920 993 1979 noctem
1026 1913 1137 2000 fuerit,

129 2004 229 2069 faciet
252 2002 422 2086 militares,
451 2003 633 2068 laboriosos
657 2008 690 2067 et
713 2003 768 2087 qui
792 2024 918 2087 semper
940 2004 975 2066 in
997 2003 1136 2068 desertis
1150 2028 1174 2068 ro

131 2092 318 2178 regionibus
342 2095 596 2177 commorentur,
622 2092 674 2155 vel
701 2091 843 2156 ferarum
870 2090 1075 2176 praepositos
1099 2114 1138 2157 ac

132 2182 325 2265 magistros3'
344 2181 507 2244 interdum
526 2202 690 2245 eversores
709 2181 942 2264 imperatorum
962 2180 1062 2245 faciet
1085 2181 1138 2246 vel

131 2270 273 2333 iudicum
305 2270 407 2352 <pro>
444 2268 600 2352 qualitate
638 2269 817 2353 signorum,
853 2273 1025 2353 parentum
1060 2291 1138 2335 vero

133 2357 234 2421 vitam
253 2379 289 2422 ac
308 2355 540 2440 patrimonium
559 2357 738 2441 dissipabit.
772 2357 873 2422 Dabit
889 2358 1023 2424 vulnera
1036 2357 1139 2422 vidui·

134 2449 220 2511 tates
242 2445 362 2526 ruinas,
384 2444 487 2509 filium
510 2467 585 2509 vero
609 2450 666 2510 aut
688 2469 788 2510 unum
807 2447 898 2512 dabit
922 2451 978 2512 aut
995 2447 1139 2532 nullum;
1153 2471 1178 2513 rr

135 2533 192 2618 qui
210 2533 257 2599 sic
275 2533 362 2597 enim
380 2555 454 2597 eum
472 2533 631 2619 habuerit,
648 2535 683 2598 in
700 2536 849 2600 omnibus
868 2558 996 2619 semper
1009 2536 1141 2601 actibus

85 2622 126 2690 10
135 2623 318 2706 impeditur.
343 2646 345 2651 ·
365 2620 487 2698 Quodsi
510 2644 566 2706 per
590 2623 675 2687 diem
703 2624 750 2687 sic
771 2623 871 2689 fuerit
894 2625 1058 2708 inventus,
1087 2624 1140 2689 de·

137 2710 283 2776 bilitabit
302 2733 397 2775 omne
417 2733 544 2796 corpus,
565 2711 664 2776 faciet
681 2712 851 2796 languidos
873 2714 1009 2778 caducos
1031 2714 1142 2797 etqui

138 2824 176 2866 ex
194 2801 280 2865 ferro
299 2800 433 2865 vulnera
455 2800 642 2885 frequenter
661 2799 829 2887 accipiant,
851 2802 962 2866 reddet
980 2799 1142 2867 invalidos

138 2895 171 2955 et
194 2912 274 2975 quos
298 2889 437 2953 feminae
461 2911 587 2973 semper
609 2890 802 2974 inpugnent,
830 2893 863 2954 et
890 2890 946 2974 qui
969 2912 988 2955 a
1010 2891 1142 2956 feminis
1157 2913 1183 2957 ro

139 2979 266 3065 magnis
300 3001 426 3061 semper
457 2977 616 3043 molestiis
649 2980 844 3044 deterantur.
898 2978 1010 3044 Faciet
1042 2980 1145 3044 etiam

231 3170 304 3225 lsit
320 3175 404 3225 uo?
475 3170 662 3225 3constituto
681 3176 708 3223 Ι
787 3174 855 3225 but
872 3187 922 3226 om.
941 3176 982 3223 v⁴
1045 3175 1147 3224 boon-

141 3242 265 3314 iungerit
287 3249 321 3295 1²⁸
411 3246 444 3295 13
467 3243 640 3298 antecrevit
663 3242 697 3297 F.
721 3247 771 3297 aut
797 3243 847 3296 dcl.
875 3241 918 3295 vel
942 3241 972 3295 in
996 3240 1146 3296 domiciliis

143 3321 176 3369 15
194 3313 390 3384 praelectores,
403 3328 471 3367 corr.
485 3330 504 3364 v
517 3314 619 3382 (eadem
631 3312 782 3383 practorio)
832 3319 865 3367 18
883 3328 928 3366 mo
941 3319 968 3366 Ι
1022 3318 1056 3368 19
1070 3313 1148 3368 Mara

143 3389 216 3455 (post
228 3383 370 3454 partiliter
382 3386 413 3453 Ρ)
426 3384 477 3439 dcl.
492 3382 521 3436 A'
535 3383 591 3456 {sic
605 3391 625 3436 P
678 3391 712 3438 22
727 3386 886 3453 exceptores
900 3405 917 3438 κ
971 3389 1005 3437 28
1019 3386 1109 3455 suppl.
1124 3389 1149 3438 Δ

140 3462 178 3509 24
196 3454 345 3510 uiduitatis
363 3454 460 3509 ruinae
483 3458 570 3524 (rume
589 3458 632 3525 Ρ),
656 3473 724 3510 corr.
743 3476 760 3510 a
782 3457 817 3522 cf.
838 3455 960 3511 Munatii.
979 3456 1036 3510 III
1046 3460 1148 3527 53sqq.

144 3531 178 3580 26
197 3527 271 3598 eum]
290 3542 354 3580 oum
370 3531 436 3579 PR·
490 3525 701 3595 nequiens
773 3531 806 3580 29
826 3525 1004 3596 accipientv
