2416 3840
109 175 176 240 214
371 126 374 129 ⁵
514 176 684 230 runnu

80 322 195 387 9vitae
231 323 337 407 spatia
365 326 556 406 perseveret
608 321 643 388 Si
673 345 749 388 vero
784 322 910 388 minuta
941 324 1064 388 lumine
1100 347 1123 389 a

110 412 186 475 love
209 412 351 476 defluens
374 412 498 476 feratur
520 412 560 475 ad
578 410 785 497 Mercurium,
808 434 846 475 ex
869 413 989 477 litteris
1007 413 1060 478 vel
1079 435 1122 478 ex

110 500 282 583 disciplina
306 501 414 585 aliqua
437 504 494 565 aut
517 523 555 565 ex
577 501 703 564 horreis
727 504 820 565 etex
838 501 1120 585 negotiationibus

108 587 208 654 faciet
230 589 316 653 vitae
341 590 559 655 substantiam
581 590 632 653 vel
656 589 802 653 subsidia
821 593 1025 674 quaerentem
1049 592 1122 675 qui·

110 678 183 742 dam
197 677 393 742 hereditates
409 679 535 762 aliquas
555 682 777 761 consecuntur,
796 678 868 742 alii.
884 729 890 740 .
906 729 912 741 .
928 679 1121 764 invenient,
1150 706 1164 746 5

110 765 166 830 alii
189 767 430 832 commendatas
460 766 523 831 sibi
550 789 602 830 res
631 766 807 851 abnegant,
835 770 873 831 ut
897 789 936 831 ex
959 768 1023 832 ista
1046 791 1121 853 per-

97 855 186 920 ,fidia
208 855 398 938 patrimonii
422 855 485 919 sibi
507 853 670 939 praesidia
694 858 890 939 comparent.

59 943 100 1008 10
197 943 228 1007 A
255 943 346 1007 Iove
374 943 479 1007 Luna
509 945 553 1008 ad
583 942 799 1008 Saturnum.
846 942 882 1009 Si
912 967 931 1007 a
958 944 1035 1009 Io've
1065 945 1119 1011 de·

109 1033 212 1096 fluens
235 1031 328 1096 Luna
356 1033 396 1095 ad
421 1031 597 1096 Saturnum
625 1033 749 1096 feratur
771 1037 805 1096 et
828 1033 873 1096 sit
895 1054 1041 1099 crescens
1066 1035 1119 1099 vel

108 1122 205 1205 plena
222 1120 410 1203 luminibus,
432 1119 531 1186 faciet
550 1122 590 1185 ab
610 1122 771 1186 extraneis
791 1120 939 1205 adoptari
958 1123 1008 1186 vel
1026 1122 1120 1206 ipsos
1136 1150 1163 1189 ιο

109 1209 232 1274 alienae
256 1209 380 1274 subolis
408 1213 517 1293 patres
547 1212 604 1273 aut
631 1211 794 1274 minorum
817 1214 943 1275 tutores
967 1211 1018 1275 vel
1041 1234 1120 1295 pro-

109 1304 275 1362 curatores
293 1297 384 1381 facit3
404 1298 460 1362 alii
480 1299 643 1381 expositos
662 1299 714 1363 vel
733 1298 918 1364 subtractos
936 1299 1022 1365 filios
1040 1305 1120 1384 post

110 1386 248 1451 multum
271 1386 428 1470 temporis
457 1386 598 1472 spatium
621 1387 764 1451 invenire
793 1393 963 1473 coguntur.
1008 1388 1120 1454 Erunt

109 1476 239 1559 aquosis
268 1498 395 1559 semper
423 1480 520 1559 atque
546 1476 688 1540 humidis
717 1475 843 1541 actibus
870 1476 1031 1560 implicati
1060 1481 1120 1543 aut

109 1564 251 1629 adsiduis
288 1565 604 1649 peregrinationibus
639 1563 706 1649 [vel
737 1564 1036 1650 peregrinantibus]
1071 1589 1120 1631 er·
1134 1592 1159 1632 15

107 1657 216 1717 rantes
248 1659 305 1718 aut
331 1653 575 1738 peregrinarum
603 1654 759 1718 mercium
786 1653 892 1739 gratia
914 1655 1119 1742 navigantes,

108 1747 145 1806 ut
169 1742 295 1806 exista
318 1743 562 1808 conversatione
585 1742 672 1806 vitae
695 1742 761 1806 illis
780 1743 944 1827 praesidia
961 1765 1118 1826 quaeran-

58 1830 170 1895 lltur.
221 1829 257 1894 Si
287 1853 363 1895 vero
393 1832 519 1896 minuta
546 1831 723 1896 luminibus
752 1854 773 1895 a
800 1831 875 1896 Iove
904 1832 1047 1897 defluens
1076 1834 1118 1898 ad

109 1919 284 1984 Saturnum
307 1919 444 2005 feratur,
472 1924 529 1984 aut
556 1918 673 2004 exponi
700 1919 798 1984 faciet
826 1924 882 1984 aut
910 1943 991 1985 onus
1019 1923 1119 1986 servi·

108 2010 189 2074 tutis
212 2008 339 2092 inponit
362 2012 419 2073 aut
442 2009 655 2074 infortunium
680 2009 815 2073 miserae
843 2009 1045 2093 captivitatis
1069 2010 1116 2075 in-
1131 2036 1158 2075 so

108 2097 186 2162 dicit
209 2102 266 2162 aut
287 2098 352 2162 alia
369 2096 450 2161 vitia
469 2102 526 2162 aut
544 2097 735 2163 valitudines
754 2097 843 2182 facit,
866 2101 904 2162 ut
922 2099 1027 2163 omnis
1047 2098 1118 2164 vita

108 2209 219 2251 eorum
252 2185 345 2272 gravi
378 2187 498 2252 doloris
531 2187 707 2252 acerbitate
742 2186 890 2251 confecta
920 2187 985 2259 cito
1016 2188 1118 2255 finem

107 2275 244 2340 miserae
275 2274 389 2340 mortis
419 2275 572 2341 incurrat.
624 2274 746 2350 Quodsi
775 2279 934 2340 nocturna
965 2276 1119 2360 genitura

107 2363 207 2427 fuerit
230 2367 262 2427 et
285 2363 377 2428 Luna
400 2364 526 2428 minuta
553 2363 729 2428 luminibus
758 2387 777 2427 a
800 2363 876 2428 Iove
904 2365 1047 2429 defluens
1076 2367 1117 2431 ad

109 2450 284 2515 Saturnum
313 2452 448 2534 feratur,
478 2452 558 2516 facit
586 2451 732 2536 quolibet
760 2473 876 2537 genere
904 2453 1116 2519 biothanatos
1131 2478 1158 2519 ss

108 2538 250 2605 interire.

584 2681 641 2745 XI.

79 2807 96 2869 1
195 2805 376 2871 AMarte
403 2806 508 2872 Luna
537 2806 580 2871 ad
605 2803 740 2870 Solem.
787 2806 944 2872 AMarte
972 2808 1116 2874 defluens

108 2895 200 2960 Luna
224 2897 252 2960 si
274 2897 399 2960 feratur
422 2897 462 2961 ad
487 2894 608 2977 Solem,
637 2895 778 2959 maxima
801 2895 882 2960 vitia
904 2896 1117 2962 valitudines-

108 3007 169 3068 quc
193 2984 337 3050 decernit
366 2990 399 3049 et
427 2987 523 3050 breve
554 2985 640 3049 vitae
670 2987 798 3069 tempus
828 2985 945 3050 tribuit
975 2990 1009 3050 ot
1037 2986 1117 3052 facit
1131 3012 1159 3052 uo

107 3073 317 3139 biothanatos
336 3075 469 3138 interire
489 3079 522 3138 et
540 3072 735 3158 generaliter
754 3073 894 3138 maxima
912 3073 1117 3140 infelicitatis

197 3319 358 3390 lspacium
375 3325 445 3372 HR*
504 3317 869 3389 3negotiatiationibus1
930 3319 1118 3377 asbsconsas

107 3407 151 3444 res
165 3393 253 3460 suppl.
268 3392 400 3460 Ne'metby
414 3391 446 3445 cl.
460 3394 566 3457 211111,
582 3395 672 3460 226‚4.
740 3396 769 3455 11
785 3389 874 3459 patris
887 3395 915 3444 1
976 3396 1009 3444 15
1024 3390 1117 3447 111111

111 3466 143 3514 17
163 3464 206 3533 ut]
229 3466 278 3517 aut
296 3468 316 3514 P
332 3466 335 3530 l
352 3461 534 3531 nauigatione
552 3467 587 3513 1³⁸
676 3467 709 3515 23
728 3460 845 3514 incurrit
863 3463 907 3587 ΡΑ
927 3463 1050 3515 noturna
1066 3467 1092 3515 Ι
1111 3461 1118 3535 Ι

108 3532 239 3602 genitura
258 3538 381 3601 1111111),
401 3535 535 3602 capescit
547 3538 572 3585 B
643 3539 676 3587 30
695 3534 777 3586 breve
795 3531 870 3586 vitae
905 3531 1120 3604 umbrositate
