2416 3840
512 163 551 217 IV
566 169 607 232 19,
622 179 703 220 e-ra.
1048 163 1113 227 247

107 311 219 372 tenero
239 305 380 392 diligunt
399 329 525 394 semper
539 307 709 393 <adfertu>
724 311 757 373 et
776 329 912 391 quorum
932 307 992 373 filii
1012 307 1115 394 digni-

107 396 186 461 tatis
210 395 351 459 maxima
373 400 612 482 consequantur
635 401 823 482 augmenta,
844 400 882 462 ut
906 400 939 462 et
963 397 1002 461 ad
1025 397 1114 483 ipsos

108 505 146 549 ex
181 483 324 549 filiorum
354 485 533 551 honoribus
566 507 720 572 magnum
757 485 911 550 meritum
943 485 1115 587 dignitatis

110 573 253 656 aooedat3
280 572 492 640 valitudinem
520 575 739 641 oardiaoorum
767 573 865 641 faciet
893 596 933 639 ex
958 597 1034 640 rino
1061 575 1115 640 rel

79 683 148 733 rex
174 662 348 744 cruditate,
383 684 471 729 mors
502 685 578 728 vero
607 663 648 728 ab
680 662 847 728 hilaritate
875 667 908 728 et
936 663 1114 730 deiectione

109 749 162 816 ani
184 750 246 815 erit
272 751 318 831 [et
338 750 451 832 animi]
471 756 504 817 et
523 752 652 817 venerio
671 751 768 817 ooitu.
816 748 878 815 Sed
896 750 1016 833 Iovem,
1040 774 1113 818 oum
1125 757 1166 821 11

110 839 257 905 dominus
281 839 450 924 geniturae
473 839 582 927 fuerit,
604 840 708 906 isdem
731 840 836 924 debes,
861 839 977 925 quibus
1002 837 1113 906 Satur-

107 951 197 1011 num,
225 928 407 994 retionibus
431 930 564 1012 intueri,
587 930 642 994 sed
666 934 699 994 et
722 933 845 995 eeteros
870 929 998 1014 stellas3
1026 930 1112 1014 quod

107 1017 193 1082 enirn
220 1017 258 1082 de
286 1039 351 1081 uno
379 1017 502 1083 dietum
525 1017 623 1083 fuerit
647 1019 842 1102 exemplum,
871 1018 933 1084 hoo
957 1021 989 1082 te
1013 1018 1114 1084 etiam

65 1137 93 1178 ιο
107 1106 141 1171 in
170 1104 303 1190 reliquis
334 1106 464 1172 debebit
493 1106 662 1175 instruere.
712 1105 797 1173 Nem
828 1107 856 1172 si
884 1106 1032 1191 Iuppiter
1060 1108 1114 1174 do-

108 1194 213 1259 minus
241 1193 410 1280 geniturae
441 1196 541 1262 fuerit
569 1196 700 1261 effeetus
729 1200 762 1261 et
793 1196 916 1281 primos
945 1197 1113 1281 geniturae

107 1283 248 1348 tenuerit
275 1284 420 1351 cardines
449 1285 483 1350 in
510 1287 605 1350 domo
634 1307 692 1350 sua
714 1285 766 1349 vel
793 1285 827 1350 in
855 1285 1026 1351 altitudine
1056 1307 1115 1351 sua

106 1373 156 1437 vel
179 1372 214 1439 iu
237 1373 355 1442 finibus
379 1374 446 1439 suis
469 1374 520 1438 vel
543 1375 578 1439 in
600 1375 695 1438 domo
711 1371 797 1438 Solis
816 1373 868 1437 vel
887 1375 921 1438 in
940 1373 1112 1439 altitudine

107 1459 191 1526 Solis
215 1465 247 1525 et
271 1462 315 1526 sit
338 1461 453 1526 diurna
476 1463 626 1546 genitura
649 1465 682 1526 et
700 1461 923 1526 benivolarum
943 1462 1114 1527 stellarum

63 1580 91 1621 1⁶
105 1549 204 1615 fuerit
226 1550 423 1615 testimoniis
448 1550 632 1634 adornatus,
656 1554 689 1614 et
711 1547 804 1614 Luna
827 1550 868 1615 ad
891 1572 964 1615 eurn
988 1549 1113 1616 feratur

105 1638 200 1722 plena
223 1638 399 1704 luminibus
427 1661 486 1704 neo
509 1638 598 1704 Mars
623 1638 721 1703 alium
751 1637 919 1723 geniturae
942 1639 1112 1722 possidens

107 1727 269 1793 cardinem
293 1730 350 1792 aut
372 1727 436 1810 ipsi
455 1728 587 1793 resistat
606 1730 663 1796 aut
677 1726 788 1792 Lunae
808 1728 982 1793 oresoentis
1001 1727 1112 1793 lumen

104 1816 272 1901 inpugnat,
283 1817 412 1900 integra
426 1815 592 1881 felicitatis
607 1820 798 1881 ornamenta
812 1816 964 1881 desernit.
989 1814 1112 1892 Quodsi
1125 1817 1167 1884 12

104 1906 139 1969 in
168 1904 233 1988 his,
266 1906 300 1970 in
330 1904 447 1988 quibus
476 1904 696 1987 humilitatur,
727 1904 830 1990 signis
853 1904 904 1970 vel
932 1904 1111 1971 infinibus

61 2025 89 2064 20
106 1993 178 2056 aliis
201 1992 299 2058 fuerit
321 1993 373 2058 vel
396 1994 430 2058 in
453 1993 586 2058 deiectis
610 1998 644 2058 et
666 1993 769 2078 pigris
789 1993 959 2078 geniturae
978 1991 1059 2058 loeis
1079 1997 1113 2059 et

104 2084 173 2164 ipse
197 2089 230 2145 et
253 2081 346 2145 Luna
369 2104 388 2145 a
411 2081 574 2146 malivolis
598 2082 762 2147 malitiosa
784 2081 906 2146 fuerint
929 2080 1113 2147 radiatione

106 2168 315 2252 [pulsatione]
331 2170 462 2254 pulsati,
481 2171 632 2237 deficiens
650 2169 775 2236 viribus
794 2174 827 2235 et
851 2170 939 2235 omni
963 2171 1112 2254 privatus

104 2256 236 2322 lieentia
257 2258 430 2343 potestatis
453 2258 536 2323 nihil
560 2279 715 2344 magnum
738 2259 773 2324 in
795 2257 947 2345 genitura
968 2259 1113 2324 decernit

103 2369 162 2412 neo
194 2346 359 2431 integrum
391 2369 550 2413 annorum
582 2370 767 2432 numerum3
798 2369 874 2412 nam
907 2347 935 2412 si
968 2369 1042 2415 eum
1073 2349 1112 2414 de

61 2466 88 2508 25
105 2435 262 2519 quadrato
281 2435 332 2500 vel
351 2436 389 2502 de
409 2437 566 2502 diametro
587 2436 759 2503 malivolae
775 2437 890 2502 stellae
905 2436 1113 2523 radiaverint,

104 2547 161 2609 pro
185 2523 308 2590 viribus
336 2526 403 2590 suis
431 2527 602 2591 adeoreto
630 2530 776 2609 temporo
802 2547 961 2592 annorum
985 2527 1113 2592 subtra-

103 2614 185 2678 hunt
207 2636 385 2679 numerum
601 2671 602 2674 ,

192 2702 302 2768 Mars.
340 2701 375 2767 si
390 2702 478 2768 Mars
497 2704 666 2790 geniturae
681 2703 830 2768 dominus
849 2702 950 2768 fuerit
968 2704 1111 2788 effectus,
1125 2707 1165 2771 13

194 2882 207 2928 1
227 2877 315 2947 suppl.
335 2896 352 2930 a
424 2882 493 2931 tex
512 2877 596 2950 Μ]
615 2880 644 2931 et
715 2884 732 2932 4
750 2876 916 2945 ualitudine,
935 2893 1003 2931 corr.
1023 2877 1088 2934 suu

104 2946 292 3000 oaroaioorum
319 2963 387 3002 corr.
402 2965 440 3002 ao
456 2949 460 3020 l
476 2947 542 3003 uino
574 2955 677 3003 nmo?
752 2947 962 3016 terudelitata
981 2964 1049 3002 oorr.
1069 2967 1087 3002 v

103 3016 248 3073 hirsutae
272 2990 315 3086 (d.
329 3023 356 3072 u
382 3018 444 3088 hyl·
457 3020 488 3088 r)
516 3037 550 3074 ο.
579 3020 624 3074 Vr
642 3020 690 3086 for.
709 3020 830 3074 LXXX
851 3020 898 3073 cor.
919 3023 935 3072 4
958 3019 1015 3074 rma
1038 3019 1100 3075 1⁷11

103 3091 150 3156 sol.
172 3089 242 3144 CIV
258 3090 305 3144 ool.
325 3094 343 3143 3
360 3089 399 3144 in.
490 3097 505 3144 6
530 3090 578 3144 ani
595 3092 622 3162 σ]
646 3089 695 3144 uni
717 3089 828 3160 (alvia)
854 3091 857 3160 l
882 3087 992 3143 ueneris
1015 3088 1112 3157 coitus,

104 3177 208 3215 corno
237 3165 241 3224 Ι
271 3177 333 3214 eum
357 3159 485 3214 dominus
508 3160 552 3232 A‘]
581 3178 644 3215 eum
666 3160 810 3216 dominum
907 3162 1071 3215 lsaturnus
1085 3166 1113 3214 11

106 3238 138 3285 16
153 3231 306 3301 possident,
321 3248 388 3286 oorr.
404 3248 420 3286 σ
470 3238 503 3286 17
518 3232 654 3300 cardines,
669 3249 736 3287 corr.
752 3231 807 3291 Μ’
826 3233 830 3304 l
845 3230 987 3301 resistant,
1002 3248 1070 3287 corr.
1081 3231 1110 3285 A'

105 3309 138 3356 18
157 3303 323 3372 impugnent
340 3307 368 3355 Ι
448 3309 482 3356 20
501 3302 564 3357 aliis
583 3324 600 3358 κ
623 3305 724 3374 (possis
747 3302 840 3374 alius)]
864 3301 968 3356 talibus
993 3301 1112 3376 (ζῴοισιν

104 3372 149 3427 ἐπ’
167 3373 259 3436 ἄλλοις
273 3374 397 3429 Manetb.
417 3373 462 3427 VI
471 3377 517 3445 43)
588 3380 621 3428 21
641 3373 782 3428 malitiose
800 3372 905 3427 fuerint
923 3372 1031 3428 ratione
1049 3373 1112 3444 pul-

104 3445 212 3499 satione
231 3444 344 3515 pulsati,
363 3461 431 3500 corr.
446 3467 463 3501 κ
535 3449 569 3499 25
588 3445 726 3516 quadrato
745 3461 859 3511 numero
877 3450 904 3497 n
976 3451 1009 3500 26
1030 3462 1047 3500 a
1065 3445 1113 3501 de·

104 3518 179 3570 orato
200 3515 268 3587 Μ’]
289 3517 326 3571 ad
345 3519 450 3572 secreto
634 3517 636 3522 ’
970 3554 972 3558 ⁴
