2408 3840
428 201 430 204 ·
512 189 648 259 121-3,
663 205 683 244 o.
1059 187 1097 250 Ἰ9

90 338 118 402 si
141 359 207 402 non
230 359 288 401 suo
318 335 439 415 studio,
470 335 525 399 sed
549 334 718 399 stellarum
746 335 864 400 vitiosa
892 337 1023 399 coactus
1047 340 1098 400 est

90 426 269 491 radiatione
292 446 436 510 peccare,
458 445 524 488 non
550 423 693 506 habetis,
721 425 946 508 magistratus,
975 423 1097 488 iustam

91 513 365 579 animadvertendi
394 513 623 596 substantiam,
656 512 733 596 quia
760 514 850 578 scitis
877 534 938 577 nos
967 513 1007 576 ad
1034 513 1100 576 ista

91 604 171 668 vitia
199 603 352 688 malignis
381 602 550 666 stellarum
582 622 710 685 semper
741 600 872 666 incitari
899 601 1098 666 fomitibus“.

63 692 178 758 sHaec
193 695 291 775 atque
310 691 375 755 alia
394 691 494 755 simili
514 689 660 754 oratione
680 695 879 775 componunt
896 695 1097 774 quaerentes,
1110 692 1150 755 12

91 785 277 846 utrumnam
301 779 413 844 stellas
443 779 625 843 animantes
650 801 691 843 an
719 778 937 844 inanimantes
961 800 1031 843 esse
1055 779 1099 843 di-

90 892 210 952 camus,
235 872 272 933 ut
294 868 391 932 istius
415 869 614 953 quaestionis
639 869 845 933 conclusione
868 867 995 933 confusi
1017 867 1100 932 diffi-

91 959 151 1024 cile
176 958 276 1022 animi
298 957 405 1022 nostri
427 954 582 1021 iudicium
610 958 869 1041 sententiamque
897 978 1098 1041 promamus3

90 1047 244 1132 quioquid
272 1047 358 1111 enim
389 1045 507 1109 horum
539 1046 663 1109 dictum
689 1046 800 1129 fuerit,
833 1045 1100 1130 syllogismorum

48 1164 76 1202 ιο
91 1136 211 1201 aculeis
226 1136 260 1199 in
275 1135 476 1200 contrarium
494 1138 635 1218 vertunt,
652 1138 691 1198 ut
709 1135 750 1198 ad
764 1135 938 1199 arbitrium
954 1135 1099 1219 ipsorum

93 1223 289 1290 constrictus
313 1223 577 1308 respondentium
601 1244 707 1288 sermo
732 1223 923 1288 consentiat.

557 1382 628 1447 .IlI.

177 1491 216 1556 In
236 1491 353 1575 quibus
368 1490 464 1554 rebus
480 1493 513 1553 et
527 1489 805 1574 disputationibus
824 1488 955 1573 ingenia
970 1488 1097 1573 quidem
1111 1490 1128 1552 1

90 1601 150 1644 nos
174 1601 286 1644 eorum
309 1579 492 1660 laudamus,
519 1579 724 1663 propositum
748 1599 824 1643 vero
848 1578 1100 1660 institutumque

51 1694 77 1732 15
91 1669 250 1752 vitamus,
278 1666 353 1750 quia
379 1665 475 1729 nobis
503 1666 599 1730 fidem
634 1689 726 1732 suam
759 1667 939 1752 astrologia
971 1688 1101 1750 reapon-

92 1756 219 1819 sionum
249 1754 584 1838 apotelesmatumque
612 1756 729 1820 divinis
760 1778 797 1820 ac
825 1755 1100 1820 manifestissimis

92 1843 340 1908 auctoritatibus
361 1842 593 1925 comprobavit.
631 1844 764 1908 Addunt
784 1844 883 1908 etiam
903 1845 1042 1929 quidam,
1060 1845 1129 1907 112

90 1932 185 1997 nobis
205 1955 244 1997 ex
264 1931 372 2014 aliqua
394 1933 487 2014 parte
510 1931 715 1995 consentiant
733 1936 765 1996 et
784 1936 822 1996 ut
840 1932 1005 1996 eblandito
1028 1953 1099 1995 con-

91 2042 188 2085 sensu
206 2025 311 2085 totam
333 2021 431 2084 istam
451 2019 620 2084 scientiam
639 2020 854 2084 dubitationis
874 2020 1099 2102 desperatione

49 2135 76 2174 so
91 2111 273 2194 exturbent,
296 2109 417 2173 habere
441 2107 570 2191 quidem
595 2108 777 2174 doctrinam
799 2109 898 2172 istam
916 2108 984 2172 vim
1003 2108 1101 2172 maxi-

90 2222 186 2282 mam,
210 2200 265 2263 sed
285 2198 325 2262 ad
342 2196 503 2281 liquidum
521 2202 656 2281 propter
673 2198 817 2282 partium
836 2197 1099 2280 minutorumque

90 2288 285 2352 brevitatem
307 2309 345 2351 ac
368 2286 609 2350 velocissimum
633 2286 774 2351 siderum
800 2308 931 2350 cursum
954 2285 1098 2370 caelique

89 2399 227 2461 pronum
251 2379 379 2440 rotatae
402 2375 574 2460 vertiginis
598 2376 727 2458 lapsum
749 2374 912 2439 neminem
931 2376 1099 2459 pervenire

90 2487 185 2549 posse
205 2465 408 2546 confirmant,
431 2470 469 2528 ut
488 2465 553 2527 ista
573 2486 683 2528 eorum
703 2464 771 2528 veri
790 2464 890 2528 simili
909 2464 1097 2528 definitione

48 2576 75 2616 aa
90 2555 248 2619 sermonis
276 2553 378 2618 totius
407 2553 561 2617 scientiae
590 2553 776 2617 substantia
798 2554 982 2617 subruatur.
1028 2551 1060 2617 N
1063 2554 1129 2616 os3

90 2664 175 2725 vero,
198 2643 275 2707 licet
299 2642 343 2706 sit
366 2642 461 2706 nobis
481 2646 577 2705 tenue
600 2641 768 2726 ingenium
792 2645 825 2706 et
848 2646 1007 2726 angustae
1032 2663 1101 2706 ora-

90 2731 190 2796 tionis
219 2752 321 2815 paeno
351 2730 502 2794 inefficax
529 2751 649 2814 sermo,
677 2752 751 2794 cum
778 2731 967 2794 deberemus
996 2730 1100 2813 ipsius

90 2821 137 2885 rei
169 2821 307 2885 veritate
339 2819 481 2884 refutare
514 2841 595 2901 quae
633 2819 746 2884 dicunt
782 2823 816 2883 et
852 2819 1101 2903 responsionum

90 2910 426 2993 apotelesmatumque
454 2908 639 2973 constantia
666 2907 794 2972 divinae
824 2907 921 2971 istius
946 2905 1101 2971 scientiae
1189 2974 1192 2977 ,

47 3022 75 3061 ao
90 2999 281 3062 confirmare
299 3019 436 3081 praecep
439 3000 481 3081 ta,
501 2996 801 3080 respondebimuot
803 3018 897 3060 amen
911 3018 930 3060 a
944 2999 986 3073 te,
1005 2996 1101 3060 decus

180 3142 255 3190 lsuo
265 3154 298 3191 ex
308 3136 399 3189 sineV
416 3138 419 3205 Ι
437 3138 549 3189 coactus
561 3150 590 3188 es
591 3135 662 3190 tuit
674 3141 695 3195 Q
745 3134 892 3188 41n1t1av
946 3132 1048 3187 otalia
1063 3132 1099 3204 κΙ

88 3207 198 3262 ratione
216 3227 234 3261 v
293 3214 364 3262 tan
383 3206 571 3260 inanimantes
591 3223 640 3261 om.
660 3213 687 3259 11
745 3205 925 3259 ruifficilir
981 3203 1103 3272 9syllo⁴

88 3296 250 3359 gysmorum
268 3285 288 3330 P
307 3278 398 3332 sillv
468 3283 500 3330 11
521 3277 707 3345 constrictius,
727 3276 844 3332 corr‘A
919 3282 951 3329 15
970 3277 1100 3329 notamus

88 3351 189 3406 Kelber
207 3349 396 3420 vituperamus
411 3349 520 3404 Dresoel
533 3350 568 3414 cf.
583 3350 616 3403 de
628 3366 680 3403 err.
692 3322 737 3415 7'6,
747 3362 773 3399 25
837 3353 870 3401 18
890 3346 986 3414 aliqua
999 3348 1028 3417 v]
1043 3345 1101 3399 ulia

89 3427 123 3474 19
145 3420 231 3476 istam
252 3423 416 3502 pemiootv
489 3425 523 3473 20
547 3419 741 3479 exturbante
813 3425 845 3472 21
875 3418 1100 3485 minutorumque

87 3492 210 3564 Drcsoel]
227 3491 454 3559 minutorumque
523 3497 556 3543 22
576 3490 706 3560 syderum
724 3496 771 3543 ΠΡ
839 3496 873 3543 24
892 3488 1060 3543 diffinitione
1077 3493 1100 3540 V

88 3569 123 3618 29
142 3565 298 3637 constantiq
316 3569 337 3615 1>
