2416 3840
134 137 176 200 14
570 135 714 191 stamar

132 283 218 347 renti
242 305 279 346 ea
302 282 506 365 respondeas,
529 281 606 364 quid
626 281 790 346 difficilius
808 285 904 364 putes
924 303 1003 366 esse,
1027 305 1142 349 cursus

133 370 275 435 siderum
302 371 459 454 invenire,
493 391 573 453 quos
601 391 687 434 nunc
719 370 868 434 inventos
901 371 1048 456 exposui,
1086 374 1144 456 qui

132 460 229 524 modo
248 481 306 544 per
325 461 437 535 altum,
457 458 553 523 modo
567 458 752 543 perlatum,
771 459 867 523 modo
881 481 939 543 per
958 461 1144 526 demersum

132 548 289 628 feruntur,
309 550 364 631 qui
383 569 469 611 nunc
488 568 521 612 se
546 547 657 627 austri,
675 570 761 612 nunc
776 548 937 631 aquilonis
952 549 1142 635 regionibus

131 658 168 701 ao
184 637 314 701 flatibus
330 639 479 722 iungunt,
499 659 585 701 nunc
600 635 767 719 decedunt,
784 658 870 700 nunc
889 637 1143 724 absconduntur,
1173 667 1187 706 s

86 781 108 787 ,,
130 748 215 790 nunc
235 724 357 790 directo
376 747 482 807 cursu,
504 746 590 789 nunc
609 725 809 810 retrogrado,
832 747 918 789 nunc
938 726 1059 791 stativa
1077 732 1144 792 tar-

131 814 233 879 ditate
257 815 441 878 subsistunt
469 817 503 877 et
525 813 739 878 intentionem
764 814 989 897 quaerentium
1014 817 1144 880 exista

131 924 244 967 cursus
269 904 318 967 sui
337 904 496 967 varietate
516 902 726 987 confundunt,
749 925 791 966 an
809 902 949 967 inventis
970 904 1143 970 stellarum

131 992 279 1055 cursibus
307 992 439 1055 definire
469 996 596 1075 postea,
628 991 704 1074 quid
735 1013 793 1075 per
823 1012 951 1056 omnem
978 996 1142 1058 terrarum

79 1081 273 1145 12traotum
297 1080 439 1143 mixtura
461 1082 605 1163 ipsarum
633 1080 834 1163 radiatioque
858 1081 1028 1164 perficiat?
1075 1081 1141 1158 Qui
1157 1111 1185 1148 ιο

130 1169 216 1232 enim
248 1170 288 1232 ad
321 1169 586 1233 consentiendum
615 1169 685 1252 ipsa
714 1168 851 1233 rationis
882 1170 1019 1234 veritate
1053 1192 1142 1236 oom-

129 1257 268 1340 pelleris,
288 1257 373 1339 quod
393 1279 505 1322 cursus
524 1256 584 1321 hos
600 1257 741 1321 siderum
761 1257 894 1322 adsidua
913 1259 1141 1324 observatione

129 1344 383 1430 computationis
406 1347 597 1428 invenimus,
621 1346 803 1410 consentias
823 1350 982 1431 [oportet]
1006 1369 1139 1413 necesse

129 1438 188 1516 est,
213 1435 299 1519 quod
316 1436 448 1499 invento
469 1434 637 1499 stellarum
656 1457 753 1499 cursu
775 1435 871 1500 facile
890 1442 1006 1520 postea
1030 1435 1140 1502 officia

127 1523 273 1606 ipsarum
290 1527 553 1607 potestatemque
572 1523 745 1588 videamus.
779 1522 936 1589 Difficilia
954 1528 1031 1589 sunt
1051 1525 1138 1590 enim
1154 1553 1182 1592 15

128 1633 255 1695 semper
269 1618 302 1677 et
321 1613 429 1694 ardua,
449 1613 488 1676 ad
508 1634 589 1696 quae
613 1613 707 1676 rudes
727 1616 760 1677 et
779 1613 902 1678 indocti
916 1614 1139 1680 inconstantia

126 1701 354 1782 trepidationis
378 1701 569 1787 accedimus
591 1723 651 1765 nec
672 1701 763 1766 facili
785 1723 958 1785 possumus
983 1703 1137 1787 consequi

127 1789 267 1874 ratione,
295 1790 449 1874 quicquid
475 1812 541 1854 non
570 1791 795 1874 praecedentia
821 1791 917 1856 nobis
946 1792 1138 1877 magisteria

75 1878 339 1944 13tradiderunt.
382 1877 436 1943 Sic
455 1879 560 1962 prima
583 1880 767 1944 litterarum
791 1879 885 1965 signa
904 1903 977 1945 oum
996 1881 1136 1964 quadam

125 1966 249 2032 fastidii
268 1968 495 2051 aspernatione
515 1969 750 2053 cognoscimus,
772 1969 819 2032 sic
838 1969 872 2032 in
891 1969 1060 2054 incognito
1080 1971 1133 2035 iti·
1149 1997 1177 2036 so

124 2078 200 2120 nere
228 2058 399 2122 constituti
430 2058 465 2121 iu
497 2058 611 2141 primis
639 2055 786 2141 vestigiis
819 2080 920 2141 paene
953 2058 1135 2144 deficimus,

124 2144 220 2208 vides>
237 2151 275 2209 ut
298 2147 419 2229 primos
439 2145 600 2210 discentes
620 2148 789 2229 computos
809 2147 929 2232 digitos
953 2147 1047 2210 tarda
1069 2147 1136 2232 agi·

124 2232 250 2297 tatione
274 2235 460 2318 deflectant3
483 2235 577 2298 illum
600 2257 697 2317 quem
715 2234 991 2300 vides'natantem
1010 2257 1049 2299 ex
1069 2257 1136 2301 ore·

124 2321 184 2385 bra
208 2322 441 2386 submersionis
460 2323 677 2405 trepidatione
701 2322 845 2409 deficere,
869 2328 946 2408 post
964 2325 1134 2408 paululum

125 2410 255 2473 assidua
283 2409 490 2474 brachiorum
515 2411 693 2496 agitatione
722 2412 871 2477 firmatus
903 2435 961 2497 per
989 2435 1133 2478 summas
1148 2439 1175 2480 ss

124 2498 253 2581 elapsus
276 2500 435 2563 undarum
458 2520 590 2582 spumas
613 2500 703 2566 facili
722 2523 756 2565 se
780 2501 974 2567 mobilitatis
998 2502 1133 2567 levitate

124 2587 306 2671 suspendit,
335 2587 488 2671 quoniam
511 2588 591 2654 haec
615 2590 736 2672 omnia,
763 2590 797 2653 id
820 2596 869 2654 est
895 2590 1024 2655 litteras
1049 2612 1134 2656 com-

123 2680 239 2757 putum
262 2677 419 2741 musicam
443 2681 614 2762 ceteraque
642 2701 723 2763 quae
747 2678 915 2761 discimus,
942 2684 1020 2745 tunc
1044 2679 1132 2745 facili

123 2764 250 2829 ratione
273 2767 504 2850 percurrimus,
531 2788 604 2832 cum
631 2769 755 2852 primae
784 2768 919 2853 originis
947 2769 1034 2833 viam
1058 2790 1132 2833 oon-

72 2856 113 2919 14
121 2853 252 2918 firmata
274 2855 397 2940 ingenii
422 2856 605 2941 conceperit
628 2856 807 2940 disciplina.
848 2856 939 2942 Ergo
960 2857 1036 2941 quia
1054 2879 1130 2922 con·
1146 2884 1175 2924 ao

212 2999 280 3047 lea
298 2995 347 3048 dcl.
368 2993 401 3060 cf.
421 2995 454 3047 dc
472 3012 521 3049 err.
543 3000 614 3061 79,7
692 2995 857 3063 asyderum
875 2998 946 3065 11²1
968 2994 1090 3064 explicui
1109 3000 1149 3055 Q·

122 3070 137 3118 6
149 3066 238 3132 possis
251 3065 415 3135 retrogrado
425 3065 612 3139 <moventur>
668 3071 683 3118 9
698 3065 819 3119 diffinire
833 3071 855 3118 V
911 3071 945 3119 10
959 3069 1089 3135 myxtura
1103 3072 1131 3119 Ι

123 3141 155 3188 11
178 3135 296 3190 rationis
314 3138 343 3206 v]
366 3136 532 3190 radiationis
558 3137 562 3206 Ι
588 3136 792 3205 conpesserisc
875 3143 908 3190 12
933 3137 1063 3207 syderum
1081 3138 1128 3210 Pl

122 3206 237 3261 assidua
254 3213 334 3267 ΜΠ
413 3213 445 3261 13
466 3207 661 3279 compultionis
680 3214 707 3260 M
735 3212 739 3277 Ι
768 3209 818 3262 del.
839 3225 855 3261 σ
873 3210 904 3263 cl.
924 3210 958 3263 dc
975 3226 1026 3263 err.
1043 3213 1131 3275 79,2o

123 3283 155 3330 15
170 3286 234 3346 post
251 3278 325 3331 enim
343 3296 409 3334 cras.
426 3281 454 3332 et
468 3284 495 3330 Μ
550 3285 581 3332 16
597 3280 681 3349 quae]
696 3285 812 3347 queml’
868 3285 899 3333 17
919 3279 1011 3348 facile,
1029 3295 1097 3334 corr.
1112 3301 1130 3334 a

122 3354 155 3400 22
174 3352 317 3419 compotos
336 3355 384 3409 αν
456 3354 489 3402 25
509 3349 632 3403 firmatos
647 3356 681 3401 1²⁸
752 3356 785 3403 26
805 3350 944 3404 undarum
962 3350 1073 3420 elapsus
1088 3352 1128 3424 V}

120 3419 294 3485 mobilitates
309 3426 344 3480 αθ
398 3426 431 3473 27
451 3423 610 3490 compotum
624 3426 671 3480 αν
726 3421 965 3491 2tcomprime1’
1014 3428 1049 3476 30
1064 3438 1130 3476 oon·

122 3491 280 3560 conceperit
297 3497 324 3543 11
343 3490 449 3561 ceperit
467 3491 513 3545 uel
532 3491 690 3561 conceperit
708 3497 729 3551 Q
