2416 3840
128 158 191 222 110
557 156 696 211 FIRMICI

125 303 299 368 felicitates
331 302 460 367 labores
492 301 703 384 miseriasque
735 300 887 365 decernit.
934 300 1057 376 Quodsi
1087 302 1133 368 sic

125 391 234 476 posito
266 391 343 455 Iove
377 391 527 455 recedens
559 390 599 454 ab
633 412 670 454 eo
703 387 796 453 Luna
830 394 863 453 et
895 390 1133 472 quodammodo

125 479 254 565 fugiens
273 501 330 563 per
349 480 543 564 quadratum
562 500 595 543 se
614 478 666 542 vel
684 479 876 542 diametrum
898 476 997 542 radiis
1014 478 1133 544 Martis

126 569 290 651 obiecerit,
308 567 517 633 biothanatos
536 567 634 632 faciet
654 567 828 632 secundum
846 567 1029 631 naturalem
1046 568 1132 654 signi

124 657 264 721 formam
292 662 389 742 atque
418 657 644 721 substantiam.
690 654 725 720 Si
748 657 834 719 enim
857 677 915 738 per
937 655 1132 722 diametrum
1160 685 1172 726 s

125 746 171 811 sic
195 745 310 830 [enim]
334 769 353 810 a
376 743 451 810 Iove
479 745 681 810 recedentem
705 744 829 808 Lunam
853 743 942 807 Mars
964 743 1040 830 hac,
1069 767 1133 830 qua

125 835 273 918 diximus,
293 835 418 900 ratione
438 834 615 917 respexerit
633 833 668 896 in
685 837 843 897 nocturna
857 833 1016 919 genitura,
1034 833 1134 900 faciet

124 923 211 988 rixas
234 923 378 1007 pericula
406 927 439 986 et
462 943 581 1006 magna
605 944 731 1005 semper
759 943 831 987 cum
854 921 1007 986 inferiore
1031 928 1133 988 certa·

124 1013 220 1076 mina.
266 1011 358 1076 Unde
386 1033 444 1095 per
471 1015 601 1075 noctem
628 1011 663 1074 in
690 1011 752 1074 hoc
776 1009 871 1096 signo
894 1009 1043 1094 Iuppiter
1071 1012 1132 1076 fre

125 1104 260 1184 quanter
283 1100 384 1164 malas
407 1099 550 1164 decernit
574 1099 783 1164 calamitates.
1146 1129 1171 1169 ιο

74 1189 115 1253 13
213 1188 252 1252 In
275 1193 367 1253 sexto
390 1189 462 1252 loco
485 1189 632 1271 Iuppiter
660 1189 700 1252 ab
723 1188 905 1272 horoscopo
932 1188 1132 1254 constitutus

123 1275 265 1341 maxima
289 1277 376 1341 mala
399 1278 554 1362 decemit3
581 1275 679 1341 faciet
707 1276 793 1340 enim
819 1282 915 1342 natos
943 1276 1132 1360 frequenter

124 1367 250 1449 exponi,
273 1367 413 1430 maxime
437 1366 465 1429 si
488 1366 523 1429 in
546 1371 639 1429 sexto
663 1366 734 1430 loco
759 1364 957 1430 constitutus
980 1366 1051 1449 ipse
1076 1367 1131 1432 do·

124 1455 231 1519 minus
256 1455 325 1520 eius
348 1455 434 1540 signi
456 1453 564 1538 fuerit,
587 1456 704 1538 inquo
724 1458 774 1519 est
797 1454 996 1538 horoscopus
1020 1455 1074 1519 vel
1097 1456 1130 1520 in

124 1565 188 1626 quo
217 1548 267 1608 est
290 1541 361 1608 ΜΟ.
384 1544 611 1627 constitutum,
634 1543 825 1627 praesertim
853 1544 881 1606 si
909 1543 942 1607 in
969 1549 1131 1609 nocturna
1145 1572 1167 1612 rs

123 1631 317 1716 (genitura)
338 1632 438 1697 fuerit
461 1636 494 1696 et
517 1631 545 1696 si
568 1654 626 1716 per
649 1626 844 1695 diametrum
867 1630 977 1696 Solem
999 1632 1051 1696 vel
1076 1631 1130 1699 Sa·

124 1723 257 1785 turnum
269 1722 321 1785 vel
335 1720 475 1786 Martem
489 1719 674 1804 respexerit,
694 1725 726 1784 et
745 1720 773 1784 si
792 1720 839 1785 sic
857 1721 984 1804 positus
1001 1719 1130 1786 Lunam

124 1810 326 1874 deficientem
341 1811 378 1874 de
394 1811 550 1895 quadrato
565 1810 743 1893 respexerit
756 1809 807 1872 vel
823 1831 896 1874 cum
910 1810 1022 1874 eodem
1036 1809 1131 1875 Luna

73 1893 158 1961 14in
185 1900 297 1963 eodem
326 1899 420 1985 signo
448 1898 599 1964 deficiens
625 1898 731 1963 fuerit.
777 1896 898 1973 Quodsi
927 1899 972 1963 sic
999 1900 1130 1982 positus

124 1986 192 2052 sine
221 1987 373 2052 malivola
405 1988 572 2053 cuiusdam
599 1988 712 2051 stellae
744 1987 925 2052 radiatione
954 1989 1130 2052 crescentis
1143 2016 1167 2056 rr

122 2074 232 2141 Lunae
255 2077 365 2141 lumen
388 2076 563 2161 exceperit,
590 2077 670 2141 haec
698 2097 779 2159 quae
805 2075 943 2140 diximus
971 2099 1010 2140 ex
1033 2082 1130 2159 parte

123 2164 232 2247 aliqua
254 2165 462 2250 mitigantu13
485 2165 616 2230 etfacit
638 2165 786 2230 aurifices
810 2169 867 2228 aut
885 2186 949 2247 eos,
972 2165 1029 2248 qui
1051 2169 1130 2230 neto

123 2274 201 2316 auro
231 2257 337 2318 vestes
366 2256 518 2339 pingrmt3
550 2253 630 2318 facit
657 2254 820 2318 interdum
850 2261 882 2317 et
915 2254 1130 2339 argentarios.

124 2338 186 2404 Sed
208 2342 311 2406 nihilo
334 2344 455 2425 minus,
483 2343 580 2407 etiam
610 2343 638 2406 si
661 2364 715 2406 eas
740 2346 825 2406 artes
849 2341 949 2406 fuerit
977 2343 1131 2428 largitus,

122 2429 182 2493 hos
206 2430 336 2494 eosdem
359 2432 472 2495 crebra
495 2429 658 2495 eversione
684 2430 858 2496 desubitat.
902 2430 1007 2495 Locus
1032 2433 1129 2516 enim,
1143 2460 1167 2500 u

121 2518 154 2581 id
174 2522 224 2582 est
247 2523 366 2602 sextus,
391 2519 491 2583 habet
510 2520 653 2584 malitiae
673 2520 838 2602 propriam
855 2519 1129 2606 praerogativam,

121 2611 155 2671 et
183 2629 401 2691 quaecumque
430 2607 526 2672 stella
552 2609 587 2672 in
614 2608 685 2692 ipso
715 2610 786 2673 loco
815 2608 927 2691 fuerit,
959 2608 1067 2674 idest
1094 2610 1130 2674 in

121 2700 227 2779 sexto,
263 2697 302 2759 ad
335 2697 532 2762 decernenda
564 2698 651 2762 mala
681 2697 839 2761 maximas
872 2697 956 2762 vires
990 2719 1031 2762 ex
1063 2699 1129 2764 loci

122 2784 201 2849 vitio
225 2786 436 2850 mutuabitur.

70 2870 111 2935 15
209 2873 247 2938 In
263 2875 401 2958 septimo
416 2875 487 2940 loco
502 2872 648 2958 Iuppiter
666 2874 707 2939 ab
721 2875 902 2958 horoscopo
920 2875 1129 2964 constitutus,
1141 2904 1167 2946 ac

119 2963 153 3026 id
177 2967 227 3027 est
249 2964 283 3027 in
307 2984 423 3029 occasu
440 2963 613 3047 partiliter,
636 2963 670 3027 in
688 2963 804 3029 diurna
823 2963 947 3029 scilicet
966 2965 1128 3050 genitura,

119 3051 218 3116 faciet
237 3052 413 3136 locupletes
433 3053 549 3117 divites
569 3057 602 3140 et
619 3052 736 3138 longae
756 3075 792 3117 ac
814 3053 928 3116 beatae
948 3057 1127 3121 senectutis

206 3232 272 3280 3se
294 3226 337 3280 vel
360 3228 389 3298 u]
413 3225 472 3280 siue
489 3229 492 3298 l
508 3226 602 3280 radias
625 3233 659 3278 1²¹·
731 3227 820 3281 odel.
839 3245 856 3280 a
929 3226 1128 3285 tradiatione

119 3296 193 3356 Μ
257 3297 490 3351 8certamine1
553 3304 586 3350 12
605 3297 681 3351 mala
699 3315 748 3353 cm.
763 3303 786 3350 V
850 3304 882 3351 13
903 3297 1085 3354 constituitur
1104 3306 1128 3355 B

119 3373 152 3421 16
176 3368 239 3422 add.
259 3371 300 3436 Q}
321 3368 345 3421 si
363 3386 413 3423 om.
432 3374 480 3420 PR
552 3374 585 3422 23
605 3372 751 3438 argenteos
770 3374 805 3421 1³³
876 3375 909 3422 25
927 3369 979 3424 hos
996 3371 1026 3442 v]
1045 3370 1126 3446 hoel

115 3440 204 3561 pollis
222 3437 342 3562 dissippit
355 3441 527 3511 (cfi131,10),
545 3439 678 3494 debilitat
731 3447 764 3494 26
783 3439 913 3510 militiae,
930 3457 997 3496 corr.
1014 3447 1059 3495 av
1073 3461 1127 3499 rec.

119 3514 153 3562 28
192 3525 311 3562 eceman
332 3526 348 3563 a
366 3515 416 3562 PR
