2408 3840
127 149 190 212 122
562 145 700 201 FIRMICI

124 292 160 358 in
190 294 252 378 hoc
285 291 378 376 signo
412 290 624 376 constitutus,
656 291 741 356 idest
772 291 806 356 in
839 295 954 356 octavo
985 290 1060 356 loco
1094 292 1135 357 ab

124 383 319 465 horoscopo,
355 380 455 445 faciet
491 381 612 445 calidos
649 381 848 465 periculosos
886 381 942 444 sed
978 384 1134 466 argutos;

124 476 234 535 tamen
261 470 337 554 <in>
364 468 502 553 publicis
531 469 657 534 actibus
691 474 747 534 aut
779 470 813 533 in
846 469 941 534 claris
972 491 1045 554 eos,
1078 471 1134 553 qui

124 558 170 624 sic
193 559 334 624 Martem
356 558 538 642 habuerint,
562 559 747 640 constituit,
773 558 829 623 sed
852 563 991 623 mortem
1017 558 1135 623 nihilo

122 648 230 712 minus
263 648 407 713 decernit
439 646 666 712 biothanatam
703 651 760 712 aut
792 645 1009 731 repentinam,
1047 649 1167 712 sicuta

122 736 316 820 apopleotici
343 737 476 801 interire
505 740 710 800 consuerunt.
757 734 819 801 Sed
848 734 877 800 si
904 736 1054 820 luppiter
1085 737 1131 801 sic

121 825 265 910 positum
289 826 428 890 Martem
451 845 650 908 quacumque
674 824 855 889 radiatione
874 825 1056 908 respexerit
1080 825 1131 889 vel

122 913 150 978 si
174 936 248 979 cum
271 937 308 979 eo
332 912 444 992 fuerit,
466 913 561 995 haec,
585 935 665 997 quae
689 913 842 996 diximus,
866 914 952 977 mala
975 935 1014 976 ex
1037 918 1130 997 parte

67 1003 111 1068 25
121 1004 262 1066 maxima
289 1002 491 1087 mitigantur.
539 1001 600 1066 Sed
630 1001 657 1066 si
690 997 725 1066 in
753 1002 934 1086 horoscopo
963 1001 1131 1086 <Iuppiter

120 1090 282 1173 partiliter
304 1090 403 1154 fuerit
422 1091 580 1171 inventus,
603 1090 826 1175 horoscopus>
844 1113 920 1155 vero
939 1090 1009 1174 ipse
1030 1091 1075 1156 sit
1096 1091 1130 1154 in
1142 1115 1164 1155 11

121 1180 216 1242 domo
239 1177 326 1243 lovis
355 1177 434 1263 [vel]
459 1178 659 1262 Venerisque
687 1180 784 1244 stella
810 1200 967 1263 prospera
995 1201 1030 1243 se
1059 1180 1129 1244 Iovi

120 1266 299 1332 radiatione
319 1268 494 1353 coniungat
513 1273 546 1332 et
570 1268 737 1333 obstiterit
755 1267 855 1332 Marti
868 1269 939 1351 hac,
961 1290 1027 1352 qua
1050 1267 1129 1333 dixi·

121 1379 206 1439 mus,
238 1356 416 1421 radiatione
451 1356 627 1441 grassanti,
660 1358 769 1421 omnia
796 1356 875 1421 haec
906 1357 1129 1421 calamitatum

120 1445 235 1510 funera
257 1446 399 1510 maxima
420 1450 513 1530 parte
535 1448 711 1509 mutantur.
757 1445 898 1511 Flebiles
923 1446 1010 1509 enim
1034 1467 1127 1510 casus

121 1539 154 1598 et
173 1536 292 1600 misera
316 1557 441 1618 semper
459 1533 712 1599 infortuniorum
732 1534 937 1599 incommoda
960 1538 992 1598 et
1013 1535 1049 1599 in
1066 1534 1127 1600 hoc
1139 1556 1160 1598 15

121 1628 154 1686 et
172 1623 207 1686 in
225 1624 340 1688 ceteris
363 1623 443 1688 locis
467 1624 597 1688 decreta
614 1646 671 1708 per
686 1623 823 1688 Martem
842 1626 1010 1687 mutantur
1029 1627 1126 1707 atque

121 1713 309 1794 mitescunt,
341 1711 368 1776 si
395 1711 536 1796 impetus
563 1711 681 1777 Martis
709 1713 795 1777 bono
818 1711 954 1796 Veneris
978 1733 1015 1776 ac
1039 1711 1126 1777 Iovis

120 1800 308 1865 testimonio
332 1801 533 1885 mitigentur.

65 1890 108 1954 26
207 1888 246 1954 In
259 1912 344 1954 nono
359 1890 431 1954 loco
445 1889 534 1954 Mars
553 1890 593 1954 ab
608 1889 789 1973 horoscopo
806 1889 1003 1954 constitutus
1020 1890 1125 1954 bonus

94 1979 182 2042 erit
205 1980 289 2044 circa
312 1979 415 2044 vitam
443 1983 476 2043 et
507 1979 658 2064 gloriam3
686 1984 719 2042 et
747 1977 775 2042 si
797 1976 943 2062 Iuppiter
969 1976 1004 2041 in
1032 1978 1159 2042 horo-u

119 2089 217 2152 scopo
245 2067 345 2133 fuerit
372 2066 571 2133 constitutus
599 2067 633 2131 in
659 2089 745 2132 nono
773 2067 846 2132 loco
874 2067 980 2131 Marte
1008 2066 1126 2152 posito,

118 2156 228 2221 felices
251 2157 332 2222 facit
360 2161 393 2221 et
416 2157 515 2241 <qui>
539 2156 634 2221 facile
658 2156 767 2220 omnia
795 2159 1044 2240 consequantur.
1093 2155 1125 2221 Si

74 2267 78 2274 ·
117 2264 194 2307 vero
217 2250 312 2310 nocte
335 2245 370 2309 in
392 2268 478 2310 nono
501 2245 573 2309 loco
592 2244 697 2309 Marte
722 2245 901 2309 constituto
921 2243 1070 2328 Iuppiter
1092 2245 1126 2308 in

117 2335 209 2414 parte
231 2333 407 2416 horoscopi
429 2333 528 2397 fuerit
551 2335 710 2416 inventus,
733 2336 931 2416 potestatem
949 2333 1126 2397 maximam

118 2419 436 2486 administrationum
463 2423 569 2486 etius
593 2420 693 2506 gladii
716 2421 860 2486 decernit
884 2420 1019 2486 etfacit
1043 2441 1158 2506 eum,u

98 2509 174 2591 ¹qui
202 2509 248 2573 sic
275 2514 371 2573 natus
401 2510 512 2588 fuerit,
544 2509 721 2573 exercitum
754 2510 877 2574 ducere.
923 2510 1125 2595 Frequenter

117 2600 226 2661 tamen
245 2597 291 2662 sic
309 2596 435 2682 positus
452 2598 487 2663 in
500 2597 733 2682 peregrinitate
754 2599 897 2663 decernit
909 2598 1124 2664 incommoda,

67 2685 107 2749 27
120 2684 155 2749 Si
184 2708 260 2752 vero
288 2687 323 2750 in
349 2708 435 2772 nono
462 2687 535 2752 loco
564 2687 761 2752 constitutus
789 2688 824 2751 in
851 2689 947 2753 domo
972 2687 1124 2754 Mercurii

206 2866 220 2913 1
246 2860 414 2915 constitutus
438 2868 501 2942 post
526 2862 680 2932 horoscopo
702 2863 797 2930 repetit
818 2867 841 2913 V
931 2867 947 2914 2
971 2862 1032 2933 sed]
1057 2865 1086 2916 et
1108 2883 1124 2916 κ

117 2934 223 3002 (tamen
240 2934 400 3002 suspectam)
417 2933 420 3002 Ι
436 2950 466 2985 11
485 2934 548 2988 add.
568 2952 585 2985 a
658 2937 672 2985 7
691 2932 808 3002 positus,
827 2951 894 2988 corr.
913 2951 931 2985 v
1001 2938 1016 2986 9
1036 2932 1125 2987 mitti-

117 3006 220 3073 gantur
237 3009 285 3054 PR
314 3007 318 3075 1
348 3003 372 3056 si
390 3021 440 3057 om.
459 3010 482 3057 V
571 3009 643 3058 9.10
661 3006 750 3073 suppl.
770 3004 799 3057 A'
819 3007 876 3060 nisi
893 3004 965 3074 quod
982 3003 1126 3072 partiliter

113 3091 166 3143 pro
180 3073 286 3144 pariter
299 3096 316 3130 a
362 3080 393 3127 11
409 3074 455 3127 uel
470 3074 526 3144 (uel
540 3074 570 3127 in
579 3078 616 3144 11)
628 3091 690 3129 uen.
701 3093 782 3144 quae,
797 3094 864 3132 corr.
875 3094 892 3127 a
938 3081 970 3129 13
985 3074 1094 3129 ratione
1109 3093 1125 3129 o

117 3145 254 3199 crassanti
271 3147 274 3216 Ι
292 3145 553 3214 calamitantiumP
627 3151 659 3199 14
677 3146 789 3215 flebilis,
807 3163 875 3201 corr.
890 3145 920 3198 A'
994 3152 1027 3200 15
1046 3145 1124 3200 etin

115 3216 170 3271 hoe
179 3249 213 3257 —
225 3223 257 3270 16
269 3217 381 3271 decreta
395 3222 482 3272 01111
534 3222 565 3270 16
580 3220 671 3270 marte
685 3222 712 3269 11
728 3219 731 3287 l
747 3219 892 3271 mutantur
904 3233 954 3286 per
967 3219 1088 3271 martem
1100 3224 1124 3270 V

117 3287 312 3358 lampertum,
332 3306 398 3344 corr.
418 3288 447 3341 A'
504 3294 536 3342 22
557 3287 605 3355 qui
625 3289 687 3342 add.
707 3287 737 3341 A'
755 3294 759 3354 Ι
776 3290 989 3355 consequuntur,
1008 3305 1076 3344 corr.
1092 3287 1121 3341 A'

117 3361 218 3426 (possis
241 3362 450 3429 consequentes)
541 3365 573 3412 23
593 3359 684 3413 Marte
707 3376 756 3414 om.
776 3365 796 3410 P
885 3360 1123 3426 1411111111-

116 3429 193 3498 scopi
216 3431 244 3501 n]
269 3434 358 3487 marte
387 3433 470 3500 (mart
491 3434 555 3498 HV)
582 3430 752 3499 horoscopus
782 3428 891 3496 (horosc
918 3433 945 3480 11
972 3446 1067 3499 -scopc
1090 3434 1123 3500 V)

116 3505 149 3552 27
167 3500 376 3568 peregrinatate
395 3505 436 3572 (ta
454 3503 499 3572 ss.)
518 3507 542 3553 B
614 3507 655 3554 28.
674 3517 749 3554 merc
767 3498 810 3553 uel
831 3514 918 3551 uerus
943 3503 1009 3552 (uen
1026 3506 1059 3571 V)
